@STRING{NC = "Nuovo Cimento"}
@STRING{NIM = "Nucl. Instrum. Methods"}
@STRING{NP = "Nucl. Phys."}
@STRING{PL = "Phys. Lett."}
@STRING{PRL = "Phys. Rev. Lett."}
@STRING{PR = "Phys. Rev."}
@STRING{PRC = "Phys. Rev. C"}
@STRING{PRD = "Phys. Rev. D"}
@STRING{ZP = "Z. Phys."}
@STRING{JETP = "Sov. Phys. JETP"}
@STRING{SJNP = "Sov. J. Nucl. Phys."}
@STRING{PR = "Phys. Rev."}
@STRING{AP = "Ann. Phys."}

@misc{MisakInclusive,
  author = "Sargsian, M.",
  howpublished = {"Computer Code for Inclusive (e,eâ€™) Electro-production Reactions and Radiative Corrections'', CLAS Note 90-007.}
}

@misc{supp,
howpublished={Online Supplementary Materials.}
}

@misc{BANDandLAD,
author={Hen, O. and others},
howpublished={Jefferson Lab experiments E12-11-107 and E12-11-003A}
}

@online{CLAS-Geant,
  author = {Elliott Wolin},
  title = {CLAS - Geant SIMulation},
  year = 1996,
  url = {https://www.jlab.org/Hall-B/document/gsim/userguide.html},
  urldate = {2018-03-01}
}

@online{CLASGeant2,
  author = {M. Holtrop},
  title = {CLAS - Geant SIMulation},
  url = {http://nuclear.unh.edu/~maurik/gsim_info.shtml},
  urldate = {2018-03-01}
}

@article{ElFassi:2012nr,
      author         = "El Fassi, L. and others",
      title          = "{Evidence for the onset of color transparency in $\rho^0$
                         electroproduction off nuclei}",
      collaboration  = "CLAS",
      journal        = "Phys. Lett. B",
      volume         = "712",
      year           = "2012",
      pages          = "326-330",
      doi            = "10.1016/j.physletb.2012.05.019",
      eprint         = "1201.2735",
      archivePrefix  = "arXiv",
      primaryClass   = "nucl-ex",
      reportNumber   = "JLAB-PHY-12-1504",
      SLACcitation   = "%%CITATION = ARXIV:1201.2735;%%"
}

@article{Baillie:2011za,
      author         = "Baillie, N. and others",
      title          = "{Measurement of the neutron F2 structure function via
                        spectator tagging with CLAS}",
      collaboration  = "CLAS",
      journal        = "Phys. Rev. Lett.",
      volume         = "108",
      year           = "2012",
      pages          = "142001",
      doi            = "10.1103/PhysRevLett.108.199902,
                        10.1103/PhysRevLett.108.142001",
      note           = "[Erratum: Phys. Rev. Lett.108,199902(2012)]",
      eprint         = "1110.2770",
      archivePrefix  = "arXiv",
      primaryClass   = "nucl-ex",
      reportNumber   = "JLAB-PHY-11-1427",
      SLACcitation   = "%%CITATION = ARXIV:1110.2770;%%"
}
% ===============================================================
@article{Feldmeier:2011qy,
      author         = "Feldmeier, H. and Horiuchi, W. and Neff, T. and Suzuki,
                        Y.",
      title          = "{Universality of short-range nucleon-nucleon
                        correlations}",
      journal        = "Phys. Rev.",
      volume         = "C84",
      year           = "2011",
      pages          = "054003",
      doi            = "10.1103/PhysRevC.84.054003",
      eprint         = "1107.4956",
      archivePrefix  = "arXiv",
      primaryClass   = "nucl-th",
      SLACcitation   = "%%CITATION = ARXIV:1107.4956;%%"
}
% -----------------------------------------------------------------------------------------------
@article{Alvioli:2012qa,
      author         = "Alvioli, M. and Ciofi degli Atti, C. and Kaptari, L. P.
                        and Mezzetti, C. B. and Morita, H.",
      title          = "{Nucleon momentum distributions, their spin-isospin
                        dependence and short-range correlations}",
      journal        = "Phys. Rev.",
      volume         = "C87",
      year           = "2013",
      number         = "3",
      pages          = "034603",
      doi            = "10.1103/PhysRevC.87.034603",
      eprint         = "1211.0134",
      archivePrefix  = "arXiv",
      primaryClass   = "nucl-th",
      SLACcitation   = "%%CITATION = ARXIV:1211.0134;%%"
}
% -----------------------------------------------------------------------------------------------
@article{frankfurt93,
  author = "Frankfurt, L.L. and Strikman, M.I. and Day, D.B. and Sargsyan, M.",
  title =  "Evidence for short-range correlations from high Q2 (e,e') reactions",
  journal = PRC,
  volume = 48,
  year = 1993,
  pages = 2451
}
% -----------------------------------------------------------------------------------------------
% redundant entry kept for backwards compatibility with other documents
@article{egiyan02,
  author = "Egiyan, K. and others",
  collaboration = {CLAS Collaboration},
  journal = PRC,
  volume = 68,
  pages = 014313,
  year = 2003
}%  archive = "http://arXiv.org/abs",
 % eprint  ="nucl-ex/0301008"}
 % -----------------------------------------------------------------------------------------------
 @article{egiyan06,
  author = "Egiyan, K. and others",
  title = "Measurement of 2- and 3-nucleon short range correlation probabilities in nuclei",
  collaboration = {CLAS Collaboration},
  journal = PRL,
  volume = 96,
  pages = 082501,
  year = 2006}
%  archive = "http://arXiv.org/abs",
%  eprint  ="nucl-ex/0508026"}
% -----------------------------------------------------------------------------------------------
@article{fomin12,
  author = "Fomin, N. and others",
  year = 2012,
  journal = PRL,
  volume = 108,
  pages = 092502,
  title = "New measurements of high-momentum nucleons and short-range structures in nuclei"}
%  eprint = "1107.3583",
%  archivePrefix = "arXiv"
% -----------------------------------------------------------------------------------------------
@article{piasetzky06, 
  author = {Piasetzky, E.  and Sargsian, M.  and Frankfurt, L.  and Strikman, M.  and Watson, J. W.},
  title = {Evidence for Strong Dominance of Proton-Neutron Correlations in Nuclei},
  journal = {Phys. Rev. Lett.},
  volume = {97},
  number = {16},
  pages = {162504},
  numpages = {4},
  year = {2006},
  month = {Oct},
  doi = {10.1103/PhysRevLett.97.162504},
  publisher = {American Physical Society}
}
% -----------------------------------------------------------------------------------------------
@article{subedi08, 
  author ="Subedi, R. and others", 
  title="Probing Cold Dense Nuclear Matter",
 journal = "Science",
 volume = 320, 
 pages = 1476,
 year =2008}
 % -----------------------------------------------------------------------------------------------
@article{korover14,
      author         = "Korover, I. and Muangma, N. and Hen, O. and others",
      title          = "{Probing the Repulsive Core of the Nucleon-Nucleon
                        Interaction via the 4He(e,e'pN) Triple-Coincidence
                        Reaction}",
      journal        = "Phys.Rev.Lett.",
      volume         = "113",
      pages          = "022501",
      doi            = "10.1103/PhysRevLett.113.022501",
      year           = "2014",
}
 % -----------------------------------------------------------------------------------------------
 @article{hen14,
  author = "Hen, O. and others",
  journal = "Science",
  collaboration  = "CLAS Collaboration",
  volume = 346,
  pages = 614,
  year = 2014
}
 % -----------------------------------------------------------------------------------------------
 @article{wiringa14,
  title = {Nucleon and nucleon-pair momentum distributions in $A\le 12$},
  author = {Wiringa, R. B. and Schiavilla, R. and Pieper, Steven C. and Carlson, J.},
  journal = {Phys. Rev. C},
  volume = {89},
  issue = {2},
  pages = {024305},
  numpages = {9},
  year = {2014},
  month = {Feb},
  publisher = {American Physical Society},
}
% -----------------------------------------------------------------------------------------------
@article{Hagen:2015yea,
      author         = "Hagen, G. and others",
      title          = "{Neutron and weak-charge distributions of the $^{48}$Ca
                        nucleus}",
      journal        = "Nature Phys.",
      volume         = "12",
      year           = "2015",
      number         = "2",
      pages          = "186-190",
      doi            = "10.1038/nphys3529",
      eprint         = "1509.07169",
      archivePrefix  = "arXiv",
      primaryClass   = "nucl-th",
      SLACcitation   = "%%CITATION = ARXIV:1509.07169;%%"
}
% -----------------------------------------------------------------------------------------------
@article{Rios:2009gb,
      author         = "Rios, Arnau and Polls, Artur and Dickhoff, W. H.",
      title          = "{Depletion of the nuclear Fermi sea}",
      journal        = "Phys. Rev.",
      volume         = "C79",
      year           = "2009",
      pages          = "064308",
      doi            = "10.1103/PhysRevC.79.064308",
      eprint         = "0904.2183",
      archivePrefix  = "arXiv",
      primaryClass   = "nucl-th",
      SLACcitation   = "%%CITATION = ARXIV:0904.2183;%%"
}
% -----------------------------------------------------------------------------------------------
@article{Rios:2013zqa,
      author         = "Rios, A. and Polls, A. and Dickhoff, W. H.",
      title          = "{Density and isospin asymmetry dependence of
                        high-momentum components}",
      journal        = "Phys. Rev.",
      volume         = "C89",
      year           = "2014",
      number         = "4",
      pages          = "044303",
      doi            = "10.1103/PhysRevC.89.044303",
      eprint         = "1312.7307",
      archivePrefix  = "arXiv",
      primaryClass   = "nucl-th",
      SLACcitation   = "%%CITATION = ARXIV:1312.7307;%%"
}
% -----------------------------------------------------------------------------------------------
@article{ryckebusch15,
  author={Jan Ryckebusch and Maarten Vanhalst and Wim Cosyn},
  title={Stylized features of single-nucleon momentum distributions},
  journal={Journal of Physics G: Nuclear and Particle Physics},
  volume={42},
  number={5},
  pages={055104},
  year={2015}
}
% -----------------------------------------------------------------------------------------------
@article{vanhalst12,
  title = {Quantifying short-range correlations in nuclei},
  author = {Vanhalst, Maarten and Ryckebusch, Jan and Cosyn, Wim},
  journal = {Phys. Rev. C},
  volume = {86},
  issue = {4},
  pages = {044619},
  numpages = {14},
  year = {2012},
  month = {Oct},
  publisher = {American Physical Society},
  doi = {10.1103/PhysRevC.86.044619}
}
% -----------------------------------------------------------------------------------------------
@article{colle15,
  title = {Extracting the mass dependence and quantum numbers of short-range correlated pairs from $A(e,{e}^{\ensuremath{'}}p)$ and $A(e,{e}^{\ensuremath{'}}pp)$ scattering},
  author = {Colle, C. and others},
  journal = {Phys. Rev. C},
  volume = {92},
  issue = {2},
  pages = {024604},
  numpages = {6},
  year = {2015},
  month = {Aug},
  publisher = {American Physical Society},
  doi = {10.1103/PhysRevC.92.024604}
}
% -----------------------------------------------------------------------------------------------
@article{CiofidegliAtti:1995qe,
      author         = "Ciofi degli Atti, Claudio and Simula, S.",
      title          = "{Realistic model of the nucleon spectral function in few
                        and many nucleon systems}",
      journal        = "Phys. Rev. C",
      volume         = "53",
      year           = "1996",
      pages          = "1689",
      doi            = "10.1103/PhysRevC.53.1689",
}
% -----------------------------------------------------------------------------------------------
@article{Weiss:2015mba,
      author         = "Weiss, Ronen and Bazak, Betzalel and Barnea, Nir",
      title          = "{Generalized nuclear contacts and momentum
                        distributions}",
      journal        = "Phys. Rev.",
      volume         = "C92",
      year           = "2015",
      number         = "5",
      pages          = "054311",
      doi            = "10.1103/PhysRevC.92.054311",
      eprint         = "1503.07047",
      archivePrefix  = "arXiv",
      primaryClass   = "nucl-th",
      SLACcitation   = "%%CITATION = ARXIV:1503.07047;%%"
}
% -----------------------------------------------------------------------------------------------
@article{Tan08a,
 title = {Energetics of a strongly correlated Fermi gas},
 author = {Tan, S.},
journal = "Annals of Physics ",
 volume = 323,
 pages = 2952,
 year = 2008
}
% -----------------------------------------------------------------------------------------------
@article{Tan08b,
title = "Large momentum part of a strongly correlated Fermi gas ",
journal = "Annals of Physics ",
volume = "323",
number = "12",
pages = "2971",
year = "2008",
doi = "http://dx.doi.org/10.1016/j.aop.2008.03.005",
author = "Shina Tan"
}
% -----------------------------------------------------------------------------------------------
@article{Tan08c,
title = "Generalized virial theorem and pressure relation for a strongly correlated Fermi gas ",
journal = "Annals of Physics ",
volume = "323",
number = "12",
pages = "2987",
year = "2008",
note = "",
doi = "http://dx.doi.org/10.1016/j.aop.2008.03.003",
author = "Shina Tan"
}
% -----------------------------------------------------------------------------------------------
@incollection{Braaten12,
  author = "Braaten, Eric",
  title = "Universal Relations for Fermions with Large Scattering Length",
  editor = "Zwerger, W",
  booktitle = "The BCS-BEC Crossover and the Unitary Fermi Gas",
  publisher = "Springer",
  year = 2012,
  address = "Berlin"
}
% -----------------------------------------------------------------------------------------------
@article{gandolfi11,
  title = {BEC-BCS crossover and universal relations in unitary Fermi gases},
  author = {Gandolfi, S. and Schmidt, K. E. and Carlson, J.},
  journal = {Phys. Rev. A},
  volume = {83},
  issue = {4},
  pages = {041601},
  numpages = {4},
  year = {2011},
  month = {Apr},
  publisher = {American Physical Society},
  doi = {10.1103/PhysRevA.83.041601}
}
% -----------------------------------------------------------------------------------------------
@article{Stewart10,
  title = {Verification of Universal Relations in a Strongly Interacting Fermi Gas},
  author = {Stewart, J. T. and Gaebler, J. P. and Drake, T. E. and Jin, D. S.},
  journal = {Phys. Rev. Lett.},
  volume = {104},
  issue = {23},
  pages = {235301},
  numpages = {4},
  year = {2010},
  month = {Jun},
  publisher = {American Physical Society},
  doi = {10.1103/PhysRevLett.104.235301}
}
% -----------------------------------------------------------------------------------------------
@article{Kuhnle10,
  title = {Universal Behavior of Pair Correlations in a Strongly Interacting Fermi Gas},
  author = {Kuhnle, E. D. and Hu, H. and Liu, X.-J. and Dyke, P. and Mark, M. and Drummond, P. D. and Hannaford, P. and Vale, C. J.},
  journal = {Phys. Rev. Lett.},
  volume = {105},
  issue = {7},
  pages = {070402},
  numpages = {4},
  year = {2010},
  month = {Aug},
  publisher = {American Physical Society}
}
% -----------------------------------------------------------------------------------------------
@article{partridge05,
  title = {Molecular Probe of Pairing in the BEC-BCS Crossover},
  author = {Partridge, G.B. and Strecker, K.E. and Kamar, R.I. and Jack, M.W. and Hulet, R.G.},
  journal = {Phys. Rev. Lett.},
  volume = {95},
  issue = {2},
  pages = {020404},
  numpages = {4},
  year = {2005},
  month = {Jul},
  publisher = {American Physical Society},
  doi = {10.1103/PhysRevLett.95.020404}
}
% -----------------------------------------------------------------------------------------------
@article{werner09,
year={2009},
issn={1434-6028},
journal={The European Physical Journal B},
volume={68},
number={3},
doi={10.1140/epjb/e2009-00040-8},
title={Number of closed-channel molecules in the BEC-BCS crossover},
publisher={Springer-Verlag},
keywords={03.75.Ss Degenerate Fermi gases; 67.90.+z Other topics in quantum fluids and solids},
author={Werner, F. and Tarruell, L. and Castin, Y.},
pages={401-415},
language={English}
}
% -----------------------------------------------------------------------------------------------
@phdthesis{schirotzek10,
 author = "A. Schirotzek",
 year = 2010,
 title = {Radio-Frequency Spectroscopy of Ultracold Atomic Fermi Gases},
 school = {Massachusetts Institute of Technology}
 }
% -----------------------------------------------------------------------------------------------
@article{sagi12,
  title = {Measurement of the Homogeneous Contact of a Unitary Fermi Gas},
  author = {Sagi, Yoav and Drake, Tara and Paudel, Rabin and Jin, Deborah},
  journal = {Phys. Rev. Lett.},
  volume = {109},
  issue = {22},
  pages = {220402},
  numpages = {4},
  year = {2012},
  month = {Nov},
  publisher = {American Physical Society},
  doi = {10.1103/PhysRevLett.109.220402},
}
% -----------------------------------------------------------------------------------------------
@article{Malace:2014uea,
      author         = "Malace, Simona and Gaskell, David and Higinbotham,
                        Douglas W. and Cloet, Ian",
      title          = "{The Challenge of the EMC Effect: existing data and
                        future directions}",
      journal        = "Int. J. Mod. Phys.",
      volume         = "E23",
      year           = "2014",
      number         = "08",
      pages          = "1430013",
      doi            = "10.1142/S0218301314300136",
      eprint         = "1405.1270",
      archivePrefix  = "arXiv",
      primaryClass   = "nucl-ex",
      reportNumber   = "JLAB-PHY-14-1886",
      SLACcitation   = "%%CITATION = ARXIV:1405.1270;%%"
}

@article{Hen:2013oha,
      author         = "Hen, Or and Higinbotham, D. W. and Miller, Gerald A. and
                        Piasetzky, Eli and Weinstein, Lawrence B.",
      title          = "{The EMC Effect and High Momentum Nucleons in Nuclei}",
      journal        = "Int. J. Mod. Phys.",
      volume         = "E22",
      year           = "2013",
      pages          = "1330017",
      doi            = "10.1142/S0218301313300178",
      eprint         = "1304.2813",
      archivePrefix  = "arXiv",
      primaryClass   = "nucl-th",
      reportNumber   = "JLAB-PHY-13-1801",
      SLACcitation   = "%%CITATION = ARXIV:1304.2813;%%"
}

% -----------------------------------------------------------------------------------------------

@article{hen15b,
  title = {Correlated fermions in nuclei and ultracold atomic gases},
  author = {Hen, O. and Weinstein, L. B. and Piasetzky, E. and Miller, G. A. and Sargsian, M. M. and Sagi, Y.},
  journal = {Phys. Rev. C},
  volume = {92},
  issue = {4},
  pages = {045205},
  numpages = {7},
  year = {2015},
  month = {Oct},
  publisher = {American Physical Society},
  doi = {10.1103/PhysRevC.92.045205}
}
% -----------------------------------------------------------------------------------------------
@article{Weiss14,
  title = {Nuclear Neutron-Proton Contact and the Photoabsorption Cross Section},
  author = {Weiss, Ronen and Bazak, Betzalel and Barnea, Nir},
  journal = {Phys. Rev. Lett.},
  volume = {114},
  issue = {1},
  pages = {012501},
  numpages = {5},
  year = {2015},
  month = {Jan},
  publisher = {American Physical Society},
  doi = {10.1103/PhysRevLett.114.012501}
}
% -----------------------------------------------------------------------------------------------
@article{Alvioli:2016wwp,
      author         = "Alvioli, Massimiliano and Ciofi degli Atti, Claudio and
                        Morita, Hiko",
      title          = "{Universality of nucleon-nucleon short-range
                        correlations: the factorization property of the nuclear
                        wave function, the relative and center-of-mass momentum
                        distributions, and the nuclear contacts}",
      journal        = "Phys. Rev.",
      volume         = "C94",
      year           = "2016",
      number         = "4",
      pages          = "044309",
      doi            = "10.1103/PhysRevC.94.044309",

}
%

@article{CiofidegliAtti:2017xtx,
      author         = "Ciofi degli Atti, Claudio and Morita, Hiko",
      title          = "{Universality of many-body two-nucleon momentum
                        distributions: Correlated nucleon spectral function of
                        complex nuclei}",
      journal        = "Phys. Rev.",
      volume         = "C96",
      year           = "2017",
      number         = "6",
      pages          = "064317",
      doi            = "10.1103/PhysRevC.96.064317",
      eprint         = "1708.05168",
      archivePrefix  = "arXiv",
      primaryClass   = "nucl-th",
      SLACcitation   = "%%CITATION = ARXIV:1708.05168;%%"
}

 -----------------------------------------------------------------------------------------------
@article{Alvioli:2013qyz,
      author         = "Alvioli, Massimiliano and Ciofi Degli Atti, Claudio and
                        Kaptari, Leonid P. and Mezzetti, Chiara Benedetta and
                        Morita, Hiko",
      title          = "{Universality of nucleon-nucleon short-range correlations
                        and nucleon momentum distributions}",
      journal        = "Int. J. Mod. Phys.",
      volume         = "E22",
      year           = "2013",
      pages          = "1330021",
      doi            = "10.1142/S021830131330021X",
      eprint         = "1306.6235",
      archivePrefix  = "arXiv",
      primaryClass   = "nucl-th",
      SLACcitation   = "%%CITATION = ARXIV:1306.6235;%%"
}
% -----------------------------------------------------------------------------------------------
@article{neff15,
  title = {Short-range correlations in nuclei with similarity renormalization group transformations},
  author = {Neff, T. and Feldmeier, H. and Horiuchi, W.},
  journal = {Phys. Rev. C},
  volume = {92},
  issue = {2},
  pages = {024003},
  numpages = {12},
  year = {2015},
  month = {Aug},
  publisher = {American Physical Society},
  doi = {10.1103/PhysRevC.92.024003},
}
% -----------------------------------------------------------------------------------------------
@article{Frankfurt81,
title = "High-energy phenomena, short-range nuclear structure and QCD",
journal = "Phys. Rep.",
volume = "76",
number = "4",
pages = "215",
year = "1981",
author = "L. L. Frankfurt and M. I. Strikman"
}
% -----------------------------------------------------------------------------------------------
@article{Frankfurt88,
title = "Hard nuclear processes and microscopic nuclear structure",
journal = "Phys. Rep.",
volume = "160",
number = "5-6",
pages = "235 - 427",
year = "1988",
author = "Leonid Frankfurt and Mark Strikman"
}
% -----------------------------------------------------------------------------------------------
@article{Hen:2016kwk,
      author         = "Hen, O. and Miller, G. A. and Piasetzky, E. and
                        Weinstein, L. B.",
      title          = "{Nucleon-Nucleon Correlations, Short-lived Excitations,
                        and the Quarks Within}",
      journal        = "Rev. Mod. Phys.",
      volume         = "89",
      year           = "2017",
      number         = "4",
      pages          = "045002",
      doi            = "10.1103/RevModPhys.89.045002",
}

% -----------------------------------------------------------------------------------------------
@article{Atti:2015eda,
      author         = "Ciofi degli Atti, Claudio",
      title          = "{In-medium short-range dynamics of nucleons: Recent
                        theoretical and experimental advances}",
      journal        = "Phys. Rept.",
      volume         = "590",
      year           = "2015",
      pages          = "1-85",
      doi            = "10.1016/j.physrep.2015.06.002",
      SLACcitation   = "%%CITATION = PRPLC,590,1;%%"
}
% -----------------------------------------------------------------------------------------------
@article{shneor07,
author = {R. Shneor and others},
title = {Investigation of Proton-Proton Short-Range Correlations via the $^{12}$C$(e,e'pp)$ Reaction},
publisher = {APS},
year = {2007},
journal = PRL,
volume = {99},
number = {7},
eid = {072501},
pages = {072501},
keywords = {electron-nucleus reactions; nuclear forces; nuclei with mass number 6 to 19},
}
% -----------------------------------------------------------------------------------------------
@article{Hen12,
  title = {New data strengthen the connection between short range correlations and the EMC effect},
  author = {Hen, O. and Piasetzky, E. and Weinstein, L. B.},
  journal = {Phys. Rev. C},
  volume = {85},
  issue = {4},
  pages = {047301},
  numpages = {4},
  year = {2012},
  month = {Apr},
  doi = {10.1103/PhysRevC.85.047301}
}
% -----------------------------------------------------------------------------------------------
@article{frankfurt08b,
author = {Frankfurt, Leonid and Sargsian, Misak and Strikman, Mark},
title = {RECENT OBSERVATION OF SHORT-RANGE NUCLEON CORRELATIONS IN NUCLEI AND THEIR IMPLICATIONS FOR THE STRUCTURE OF NUCLEI AND NEUTRON STARS},
journal = {International Journal of Modern Physics A},
volume = {23},
number = {20},
pages = {2991-3055},
year = {2008}}%,
%doi = {10.1142/S0217751X08041207},
%URL = {http://www.worldscientific.com/doi/abs/10.1142/S0217751X08041207},
%eprint = {http://www.worldscientific.com/doi/pdf/10.1142/S0217751X08041207}
%}
% -----------------------------------------------------------------------------------------------
@article{hen15,
  title = {Symmetry energy of nucleonic matter with tensor correlations},
  author = {Hen, Or and Li, Bao-An and Guo, Wen-Jun and Weinstein, L. B. and Piasetzky, Eli},
  journal = {Phys. Rev. C},
  volume = {91},
  issue = {2},
  pages = {025803},
  numpages = {6},
  year = {2015},
  month = {Feb},
  publisher = {American Physical Society},
  doi = {10.1103/PhysRevC.91.025803},
}
% -----------------------------------------------------------------------------------------------
@article{duer18,
      author         = "Duer, M. and others",
      title          = "{Probing high-momentum protons and neutrons in
                        neutron-rich nuclei}",
      collaboration  = "CLAS",
      journal        = "Nature",
      volume         = "560",
      year           = "2018",
      number         = "7720",
      pages          = "617-621",
      doi            = "10.1038/s41586-018-0400-z",
      SLACcitation   = "%%CITATION = NATUA,560,617;%%"
}
% -----------------------------------------------------------------------------------------------
@article{Cai:2015xga,
      author         = "Cai, Bao-Jun and Li, Bao-An",
      title          = "{Symmetry energy of cold nucleonic matter within a
                        relativistic mean field model encapsulating effects of
                        high momentum nucleons induced by short-range
                        correlations}",
      journal        = "Phys. Rev.",
      volume         = "C93",
      year           = "2016",
      number         = "1",
      pages          = "014619",
      doi            = "10.1103/PhysRevC.93.014619",
}
% -----------------------------------------------------------------------------------------------
@article{Hen:2016ysx,
      author         = "Hen, O. and Steiner, A. W. and Piasetzky, E. and
                        Weinstein, L. B.",
      title          = "{Analysis of Neutron Stars Observations Using a
                        Correlated Fermi Gas Model}",
      year           = "2016",
      eprint         = "1608.00487",
      archivePrefix  = "arXiv",
      primaryClass   = "nucl-ex",
      SLACcitation   = "%%CITATION = ARXIV:1608.00487;%%"
}
% -----------------------------------------------------------------------------------------------
@Article{weinstein11,
  title = {Short Range Correlations and the EMC Effect},
  author = {Weinstein, L. B. and Piasetzky, E.  and Higinbotham, D. W. and Gomez, J.  and Hen, O.  and Shneor, R. },
  journal = {Phys. Rev. Lett.},
  volume = {106},
  number = {5},
  pages = {052301},
  numpages = {4},
  year = {2011},
  month = {Feb},
  doi = {10.1103/PhysRevLett.106.052301},
  publisher = {American Physical Society}
}
% -----------------------------------------------------------------------------------------------
@article{hen11,
  author = {Hen, O. and Accardi, A. and Melnitchouk, W. and Piasetzky, E.},
  volume = {84},
  journal = {Phys. Rev. D},
  title = {Constraints on the large-$x$ $d/u$ ratio from electron-nucleus scattering at $x>1$},
  year = {2011},
  doi = {10.1103/PhysRevD.84.117501},
  pages = {117501}
}
% -----------------------------------------------------------------------------------------------
@article{Gallagher:2011zza,
      author         = "Gallagher, H. and Garvey, G. and Zeller, G. P.",
      title          = "{Neutrino-nucleus interactions}",
      journal        = "Ann. Rev. Nucl. Part. Sci.",
      volume         = "61",
      year           = "2011",
      pages          = "355-378",
      doi            = "10.1146/annurev-nucl-102010-130255",
      reportNumber   = "FERMILAB-PUB-11-688-PPD",
      SLACcitation   = "%%CITATION = ARNUA,61,355;%%"
}
% -----------------------------------------------------------------------------------------------
@article{fields13,
  title = {Measurement of Muon Antineutrino Quasielastic Scattering on a Hydrocarbon Target at ${E}_{\ensuremath{\nu}}\ensuremath{\sim}3.5\text{ }\text{ }\mathrm{GeV}$},
  author = {Fields, L. and others},
  collaboration = {MINERvA Collaboration},
  journal = {Phys. Rev. Lett.},
  volume = {111},
  issue = {2},
  pages = {022501},
  numpages = {7},
  year = {2013},
  month = {Jul},
  publisher = {American Physical Society},
  doi = {10.1103/PhysRevLett.111.022501},
}
% -----------------------------------------------------------------------------------------------
@article{Fiorentini13b,
 author = {G. A. Fiorentini and others},
 collaboration = {MINERvA Collaboration}, 
 journal = {Phys. Rev. Lett.},
 volume =  111, 
 pages = 022502,
 year = 2013
}
% -----------------------------------------------------------------------------------------------
@article{acciardi14,
  title = {Detection of back-to-back proton pairs in charged-current neutrino interactions with the ArgoNeuT detector in the NuMI low energy beam line},
  author = {Acciarri, R. and others},
  journal = {Phys. Rev. D},
  volume = {90},
  issue = {1},
  pages = {012008},
  numpages = {7},
  year = {2014},
  month = {Jul},
  publisher = {American Physical Society},
  doi = {10.1103/PhysRevD.90.012008},
}
% -----------------------------------------------------------------------------------------------
@article{Weinstein:2016inx,
      author         = "Weinstein, L. B. and Hen, O. and Piasetzky, E.",
      title          = "{?Hammer? events, neutrino energies, and
                        nucleon-nucleon correlations}",
      journal        = "Phys. Rev.",
      volume         = "C94",
      year           = "2016",
      number         = "4",
      pages          = "045501",
      doi            = "10.1103/PhysRevC.94.045501",
}
% -----------------------------------------------------------------------------------------------
% -----------------------------------------------------------------------------------------------
% -----------------------------------------------------------------------------------------------
% -----------------------------------------------------------------------------------------------
% -----------------------------------------------------------------------------------------------
% -----------------------------------------------------------------------------------------------
% -----------------------------------------------------------------------------------------------
% -----------------------------------------------------------------------------------------------
% -----------------------------------------------------------------------------------------------
% -----------------------------------------------------------------------------------------------
% -----------------------------------------------------------------------------------------------
% -----------------------------------------------------------------------------------------------
% -----------------------------------------------------------------------------------------------
% -----------------------------------------------------------------------------------------------
% -----------------------------------------------------------------------------------------------
% -----------------------------------------------------------------------------------------------
% -----------------------------------------------------------------------------------------------
% -----------------------------------------------------------------------------------------------
% -----------------------------------------------------------------------------------------------
% -----------------------------------------------------------------------------------------------

% ===============

@article{Holt:2010vj,
      author         = "Holt, Roy J. and Roberts, Craig D.",
      title          = "{Distribution Functions of the Nucleon and Pion in the
                        Valence Region}",
      journal        = "Rev. Mod. Phys.",
      volume         = "82",
      year           = "2010",
      pages          = "2991-3044",
      doi            = "10.1103/RevModPhys.82.2991",
      eprint         = "1002.4666",
      archivePrefix  = "arXiv",
      primaryClass   = "nucl-th",
      SLACcitation   = "%%CITATION = ARXIV:1002.4666;%%"
}


@article{Melnitchouk:1995fc,
      author         = "Melnitchouk, W. and Thomas, Anthony William",
      title          = "{Neutron / proton structure function ratio at large x}",
      journal        = "Phys. Lett.",
      volume         = "B377",
      year           = "1996",
      pages          = "11-17",
      doi            = "10.1016/0370-2693(96)00292-4",
      eprint         = "nucl-th/9602038",
      archivePrefix  = "arXiv",
      primaryClass   = "nucl-th",
      reportNumber   = "DOE-ER-40762-069, UMD-PP-96-044, ADP-95-51-T198",
      SLACcitation   = "%%CITATION = NUCL-TH/9602038;%%"
}

@article{abbott98,
  title = {Quasifree $(\mathit{e},{\mathit{e}}^{\ensuremath{'}}\mathit{p})$ Reactions and Proton Propagation in Nuclei},
  author = {Abbott, D. and Ahmidouch, A. and Amatuni, Ts. A. and Armstrong, C. and Arrington, J. and Assamagan, K. A. and Bailey, K. and Baker, O. K. and Barrow, S. and Beard, K. and Beatty, D. and Beedoe, S. and Beise, E. and Belz, E. and Bochna, C. and Breuer, H. and Bruins, E. E. W. and Carlini, R. and Cha, J. and Chant, N. and Cothran, C. and Cummings, W. J. and Danagoulian, S. and Day, D. and DeSchepper, D. and Ducret, J.-E. and Duncan, F. and Dunne, J. and Dutta, D. and Eden, T. and Ent, R. and Fortune, H. T. and Frolov, V. and Geesaman, D. F. and Gao, H. and Gilman, R. and Gu\`eye, P. and Hansen, J. O. and Hinton, W. and Holt, R. J. and Jackson, C. and Jackson, H. E. and Jones, C. E. and Kaufman, S. and Kelly, J. J. and Keppel, C. and Khandaker, M. and Kim, W. and Kinney, E. and Klein, A. and Koltenuk, D. and Kramer, L. and Lorenzon, W. and McFarlane, K. and Mack, D. J. and Madey, R. and Markowitz, P. and Martin, J. and Mateos, A. and Meekins, D. and Miller, M. A. and Milner, R. and Mitchell, J. and Mohring, R. and Mkrtchyan, H. and Nathan, A. M. and Niculescu, G. and Niculescu, I. and O'Neill, T. G. and Potterveld, D. and Price, J. W. and Reinhold, J. and Salgado, C. and Schiffer, J. P. and Segel, R. E. and Stoler, P. and Suleiman, R. and Tadevosyan, V. and Tang, L. and Terburg, B. and van Westrum, D. and Welch, Pat and Williamson, C. and Wood, S. and Yan, C. and Yang, Jae-Choon and Yu, J. and Zeidman, B. and Zhao, W. and Zihlmann, B.},
  journal = {Phys. Rev. Lett.},
  volume = {80},
  issue = {23},
  pages = {5072--5076},
  numpages = {0},
  year = {1998},
  month = {Jun},
  publisher = {American Physical Society},
  doi = {10.1103/PhysRevLett.80.5072},
}



@article{accardi11,
  title = {Uncertainties in determining parton distributions at large $x$},
  author = {Accardi, A. and Melnitchouk, W. and Owens, J. F. and Christy, M. E. and Keppel, C. E. and Zhu, L. and Morf\'{\i}n, J. G.},
  journal = {Phys. Rev. D},
  volume = {84},
  issue = {1},
  pages = {014008},
  numpages = {16},
  year = {2011},
  month = {Jul},
  publisher = {American Physical Society},
  doi = {10.1103/PhysRevD.84.014008},
}



@article{aguilar09,
  title = {Neutrino flux prediction at MiniBooNE},
  author = {Aguilar-Arevalo, A. A. and others},
  collaboration = {MiniBooNE Collaboration},
  journal = {Phys. Rev. D},
  volume = {79},
  issue = {7},
  pages = {072002},
  numpages = {38},
  year = {2009},
  month = {Apr},
  publisher = {American Physical Society},
  doi = {10.1103/PhysRevD.79.072002},
}


@misc{akimov13,
  author ="Akimov, D. and others",
  archive   = "http://arXiv.org/abs",
  eprint    = "1310.0125 [hep-ex]",
  year = 2013
}


@article{alvioli08,
author = {M. Alvioli and C. Ciofi degli Atti and H. Morita},
title = {Proton-Neutron and Proton-Proton Correlations in Medium-Weight Nuclei and the Role of the Tensor Force},
year = {2008},
journal = PRL,
volume = {100},
number = {16},
eid = {162503},
pages = {162503},
}

@article{amado76,
title = "Momentum distributions in the nucleus ",
journal = "Physics Letters B ",
volume = "62",
number = "3",
pages = "253 - 255",
year = "1976",
note = "",
issn = "0370-2693",
doi = "http://dx.doi.org/10.1016/0370-2693(76)90067-8",
author = "R.D. Amado and R.M. Woloshyn"
}



@book{antonov88,
  author = "A.N. Antonov and P.E. Hodgson and I.Zh. Petkov",
  title = "Nucleon Momentum and Density Distributions in Nuclei",
  publisher = "Clarendon Press",
  year = 1988
}

@article{Arenhovel:2004bc,
      author         = "Arenhovel, Hartmuth and Leidemann, Winfried and Tomusiak,
                        Edward L.",
      title          = "{General survey of polarization observables in deuteron
                        electrodisintegration}",
      journal        = "Eur. Phys. J.",
      volume         = "A23",
      year           = "2005",
      pages          = "147-190",
      doi            = "10.1140/epja/i2004-10061-5",
      eprint         = "nucl-th/0407053",
      archivePrefix  = "arXiv",
      primaryClass   = "nucl-th",
      reportNumber   = "MKPH-T-04-12",
      SLACcitation   = "%%CITATION = NUCL-TH/0407053;%%"
}

@Article{arrington03,
  title = {How well do we know the electromagnetic form factors of the proton?},
  author = {Arrington, J. },
  journal = {Phys. Rev. C},
  volume = {68},
  pages = {034325},
  numpages = {14},
  year = {2003},
  month = {Sep},
  doi = {10.1103/PhysRevC.68.034325},
  publisher = {American Physical Society}
}
	
@misc{arringtonexpt06,
  author = "Arrington, J. and Day, D.", 
  year = 2006,
  title = "{Inclusive Scattering from Nuclei at $x > 1$ in the quasielastic and deeply inelastic regimes, Jefferson Lab Experiment E12-06-105}"
}
	
@misc{arringtonexpt10,
  author = "Arrington, J. and Gaskell, D. and Daniel, A.", 
  year = 2010,
  title = "{Detailed studies of the nuclear dependence of $F_2$ in light nuclei, Jefferson Lab Experiment E12-10-008}"
}

@misc{cafeexpt2016,
  author = "Cohen, E. and Hen, O. and Higinbotham, D.W. and Weinstein, L.B.",
  year = 2016,
  title = "{The CaFe Experiment: Short-Range Pairing Mechanisms in Heavy Nuclei, Jefferson Lab Proposal E12-16-004}"
}

@misc{petratosexpt10,
  title = "{MeAsurement of the F2n/F2p, d/u RAtios and A=3 EMC Effect in Deep Inelastic Electron Scattering Off the Tritium and Helium MirrOr Nuclei, Jefferson Lab Experiment E12-10-103}",
  author = "Petratos, G.G. and Gomez, J. and Holt, R.J. and Ransome, R.D.",
  year = 2010
}

@misc{tritumexpt14,
  title = "{Proton and Neutron Momentum Distributions in A = 3 Asymmetric Nuclei, Jefferson Lab Experiment E12-14-011}",
  author = "Boeglin, W. and Gilad, S. and Hen, O. and Weinstein, L.B.",
  year = 2014
}



@article{baghdasaryan10,
  collaboration = {CLAS Collaboration},
  author = {Baghdasaryan, H. and others},
  volume = {105},
  journal = {Phys. Rev. Lett.},
  title = {Tensor Correlations Measured in 3He(e,e'pp)n},
  year = {2010},
  doi = {10.1103/PhysRevLett.105.222501},
  issue = {22},
  publisher = {American Physical Society},
  pages = {222501},
  SLACcitation  = "%%CITATION = 1008.3100;%%",
     eprint    = "1008.3100",
     archivePrefix = "arXiv",
     primaryClass  =  "nucl-ex"
}

@article{benmokhtar05,
author = {F. Benmokhtar and others},
collaboration = {Jefferson Lab Hall A Collaboration},
title = {Measurement of the $^3$He($e,e'p)pn$ Reaction at High Missing Energies and Momenta},
publisher = {APS},
year = {2005},
journal = PRL,
volume = {94},
number = {8},
eid = {082305},
pages = {082305},
keywords = {electron-nucleus reactions; nuclei with mass number 1 to 5},
}


@article{bernheim82, 
  author ="Bernheim, M.  and others", 
  journal =NP,
   volume = "A375", 
   pages = 381,
    year =1982}

@article{blomqvist95, 
  author ="Blomqvist, K.I. and others", 
  journal = PL,
   volume = "B344", 
   pages = 85,
    year =1995} 

@article{blomqvist98, 
  author ="Blomqvist, K.I. and others", 
  journal = PL,
   volume = "B429", 
   pages = 33,
    year =1998} 

@article{boeglin08,
  title = {${f}_{\mathit{LT}}$ response function of ${}^{2}\mathrm{H}(e,{e}^{'}p)n$ at ${Q}^{2}=0.33$\hskip0.3em${}(\mathrm{GeV}/c){}^{2}$},
  author = {Boeglin, W. U. and Arenh\"ovel, H. and Blomqvist, K. I. and B\"ohm, R. and Distler, M. and Edelhoff, R. and Ewald, I. and Florizone, R. and Friedrich, J. and Geiges, R. and Kahrau, M. and Korn, M. and Kramer, H. and Krygier, K. W. and Kunde, V. and Liesenfeld, A. and Merle, K. and Neuhausen, R. and Offermann, E. A. J. M. and Pospischil, Th. and Richter, A. W. and Rosner, G. and Sauer, P. and Schardt, S. and Serdarevic, A. and Wagner, A. and Walcher, Th. and Wolf, S. and Jourdan, J. and Sick, I. and Kuss, M. and Potokar, M. and Rokavec, A. and Vodenik, B. and Sirca, S.},
  journal = {Phys. Rev. C},
  volume = {78},
  issue = {5},
  pages = {054001},
  numpages = {11},
  year = {2008}
}

@article{boeglin11,
  title = {Probing the High Momentum Component of the Deuteron at High ${Q}^{2}$},
  author = {Boeglin, W. U. and Coman, L. and Ambrozewicz, P. and Aniol, K. and Arrington, J. and Batigne, G. and Bosted, P. and Camsonne, A. and Chang, G. and Chen, J. P. and Choi, S. and Deur, A. and Epstein, M. and Finn, J. M. and Frullani, S. and Furget, C. and Garibaldi, F. and Gayou, O. and Gilman, R. and Hansen, O. and Hayes, D. and Higinbotham, D. W. and Hinton, W. and Hyde, C. and Ibrahim, H. and de Jager, C. W. and Jiang, X. and Jones, M. K. and Kaufman, L. J. and Klein, A. and Kox, S. and Kramer, L. and Kumbartzki, G. and Laget, J. M. and LeRose, J. and Lindgren, R. and Margaziotis, D. J. and Markowitz, P. and McCormick, K. and Meziani, Z. and Michaels, R. and Milbrath, B. and Mitchell, J. and Monaghan, P. and Moteabbed, M. and Moussiegt, P. and Nasseripour, R. and Paschke, K. and Perdrisat, C. and Piasetzky, E. and Punjabi, V. and Qattan, I. A. and Qu\'em\'ener, G. and Ransome, R. D. and Raue, B. and R\'eal, J. S. and Reinhold, J. and Reitz, B. and Roch\'e, R. and Roedelbronn, M. and Saha, A. and Slifer, K. and Solvignon, P. and Sulkosky, V. and Ulmer, P. E. and Voutier, E. and Weinstein, L. B. and Wojtsekhowski, B. and Zeier, M.},
  collaboration = {For the Hall A Collaboration},
  journal = {Phys. Rev. Lett.},
  volume = {107},
  issue = {26},
  pages = {262501},
  numpages = {6},
  year = {2011}
}

@article{bogner03,
title = "Model-independent low momentum nucleon interaction from phase shift equivalence ",
journal = "Physics Reports ",
volume = "386",
number = "1",
pages = "1 - 27",
year = "2003",
note = "",
issn = "0370-1573",
doi = "http://dx.doi.org/10.1016/j.physrep.2003.07.001",
author = "S.K. Bogner and T.T.S. Kuo and A. Schwenk",
keywords = "Nucleon?nucleon interactions",
keywords = "Effective interactions",
keywords = "Renormalization group "
}

@article{bogner07,
  title = {Similarity renormalization group for nucleon-nucleon interactions},
  author = {Bogner, S. K. and Furnstahl, R. J. and Perry, R. J.},
  journal = {Phys. Rev. C},
  volume = {75},
  issue = {6},
  pages = {061001},
  numpages = {5},
  year = {2007},
  month = {Jun},
  publisher = {American Physical Society},
  doi = {10.1103/PhysRevC.75.061001},
}

@article{bogner10,
title = "From low-momentum interactions to nuclear structure ",
journal = "Progress in Particle and Nuclear Physics ",
volume = "65",
number = "1",
pages = "94 - 147",
year = "2010",
note = "",
issn = "0146-6410",
doi = "http://dx.doi.org/10.1016/j.ppnp.2010.03.001",
author = "S.K. Bogner and R.J. Furnstahl and A. Schwenk",
keywords = "Nuclear forces",
keywords = "Nuclear structure",
keywords = "Renormalization group "
}


@misc{bonus12,
  author = "S. Bueltmann and others",
  year = 2010,
  title = "The Structure of the Free Neutron at Large x-Bjorken, Jefferson Lab experiment E12-10-102"
}

@article{bussiere81, 
  author ="Bussiere, A. and others", 
  journal = NP,
   volume = "A365", 
   pages = 349,
    year =1981} 

@article{caballero98a, 
  author ="Caballero, J.A. and others", 
  journal = NP,
  volume = "A632", 
  pages = 323, 
  year =1998}

@article{caballero98b, 
  author ="Caballero, J.A. and others", 
  journal = NP,
  volume = "A643", 
  pages = 189, 
  year =1998}

@article{carlson12,
  author = "Carlson, J. and Gandolfi, Stefano and Gezerlis, Alexandros",
  title = {Quantum Monte Carlo approaches to nuclear and atomic physics},
  journal = {Prog. Theor. Exp. Phys.},
  volume = {01A},
  pages = 209,
  year = 2012
}


@article{Chen:2016bde,
      author         = "Chen, Jiunn-Wei and Detmold, William and Lynn, Joel E.
                        and Schwenk, Achim",
      title          = "{Short Range Correlations and the EMC Effect in Effective
                        Field Theory}",
      journal        = "Phys. Rev. Lett.",
      volume         = "119",
      year           = "2017",
      number         = "26",
      pages          = "262502",
      doi            = "10.1103/PhysRevLett.119.262502",
}


@article{CiofidegliAtti:1980dbw,
      author         = "Ciofi degli Atti, C. and Pace, E. and Salme, G.",
      title          = "{Realistic nucleon-nucleon interactions and the
                        three-body electrodisintegration of H-3}",
      journal        = "Phys. Rev.",
      volume         = "C21",
      year           = "1980",
      pages          = "805-815",
      doi            = "10.1103/PhysRevC.21.805",
      SLACcitation   = "%%CITATION = PHRVA,C21,805;%%"
}

@article{cda91,
  author = "Ciofi degli Atti, C. and Simula, S. and Frankfurt, L.L. and Strikman, M.I.", 
  journal = PRC,
  volume = 44,
  pages = "R7",
  year = 1991,
  title = "Two-nucleon correlations and the structure of the nucleon 
          spectral function at high values of momentum and removal energy"
}

@article{cda91b,
  title = {\textit{y}  -scaling analysis of quasielastic electron scattering and nucleon momentum distributions in few-body systems, complex nuclei, and nuclear matter},
  author = {Ciofi degli Atti, C. and Pace, E. and Salm\`e, G.},
  journal = {Phys. Rev. C},
  volume = {43},
  issue = {3},
  pages = {1155--1176},
  numpages = {0},
  year = {1991},
  month = {Mar},
  publisher = {American Physical Society},
  doi = {10.1103/PhysRevC.43.1155},
}



@article{cda96,
  author = {Ciofi degli Atti, C. and Simula, S.},
  volume = {53},
  journal = {Phys. Rev. C},
  title = {Realistic model of the nucleon spectral function in few- and many-nucleon systems},
  year = {1996},
  doi = {10.1103/PhysRevC.53.1689},
  pages = {1689}
}



@article{chinitz91,
   author ="Chinitz, L. and others", 
   journal = PRL,
    volume = 67, 
    pages = 568,
     year =1991}





@article{cooper93, 
  author ="Cooper, E.D. and Hama, S. and Clark, B.C. and Mercer, R.L.", 
  journal = PRC,
  volume = 47, 
  pages = 297, 
  year =1993}      

@misc{Csrexpt05,
  title = {Precision Measurement of Longitudinal and Transverse Response Functions of Quasi-Elastic Electron Scattering in the Momentum Transfer Range 0.55 GeV/c < q < 0.9 GeV/c, Jefferson Lab Experiment E05-110},
  author = {Choi, S. and Chen, J.P. and Meziani, Z.E.},
  year = 2005
}

@article{deforest83, 
  author ="De~Forest, T.", 
  journal = NP, 
  volume = "A392", 
  pages = 232,
   year =1983}

@article{drechsel99,
title = "A unitary isobar model for pion photo- and electroproduction on the proton up to 1 GeV ",
journal = "Nuclear Physics A ",
volume = "645",
number = "1",
pages = "145 - 174",
year = "1999",
note = "",
issn = "0375-9474",
doi = "http://dx.doi.org/10.1016/S0375-9474(98)00572-7",
author = "D. Drechsel and O. Hanstein and S.S. Kamalov and L. Tiator",
keywords = "Pion",
keywords = "Photoproduction",
keywords = "Electroproduction",
keywords = "Multipoles",
keywords = "Baryon resonances "
}



@article{drukier84,
  title = {Principles and applications of a neutral-current detector for neutrino physics and astronomy},
  author = {Drukier, A. and Stodolsky, L.},
  journal = {Phys. Rev. D},
  volume = {30},
  issue = {11},
  pages = {2295--2309},
  numpages = {0},
  year = {1984},
  month = {Dec},
  publisher = {American Physical Society},
  doi = {10.1103/PhysRevD.30.2295},
}

@article{dutta03,
  title = {Quasielastic $(e,{e}^{$'${}}p)$ reaction on $^{12}\mathrm{C},^{56}\mathrm{Fe}$, and $^{197}\mathrm{Au}$},
  author = {Dutta, D. and others},
  journal = {Phys. Rev. C},
  volume = {68},
  issue = {6},
  pages = {064603},
  numpages = {17},
  year = {2003},
  month = {Dec},
  doi = {10.1103/PhysRevC.68.064603},
  publisher = {American Physical Society}
}

@article{egiyan03,
  author = "Egiyan, K. and others",
  title="Observation of nuclear scaling in the $A(e, e')$  reaction at $x_B$ greater than 1",
  collaboration = {CLAS Collaboration},
  journal = PRC,
  volume = 68,
  pages = 014313,
  year = 2003
}%  archive = "http://arXiv.org/abs",
 % eprint  ="nucl-ex/0301008"}

@article{Egiyan:2006,
  author = "Egiyan, K. and others",
  title = "Measurement of 2- and 3-nucleon short range correlation probabilities in nuclei",
  collaboration = {CLAS Collaboration},
  journal = PRL,
  volume = 96,
  pages = 082501,
  year = 2006}
%  archive = "http://arXiv.org/abs",
%  eprint  ="nucl-ex/0508026"}

@article{entem15,
  title = {Peripheral nucleon-nucleon scattering at fifth order of chiral perturbation theory},
  author = {Entem, D. R. and Kaiser, N. and Machleidt, R. and Nosyk, Y.},
  journal = {Phys. Rev. C},
  volume = {91},
  issue = {1},
  pages = {014002},
  numpages = {13},
  year = {2015},
  month = {Jan},
  publisher = {American Physical Society},
  doi = {10.1103/PhysRevC.91.014002}
}


@misc{entem15b,
  author = {Entem, D. R. and Kaiser, N. and Machleidt, R. and Nosyk, Y.},
  title = {Dominant contributions to the nucleon-nucleon interaction at sixth order of chiral perturbation theory},
  archive   = "http://arXiv.org/abs",
  eprint    = "1505.03562",
  year = 2015
}

@Article{fanchiotti14,
author="Fanchiotti, Huner
and Garc{\'i}a Canal, Carlos A.
and Tarutina, Tatiana
and Vento, Vicente",
title="Medium effects in DIS from polarized nuclear targets",
journal="The European Physical Journal A",
year="2014",
volume="50",
number="7",
pages="1--5",
issn="1434-601X",
doi="10.1140/epja/i2014-14116-8",
}


@article{farrarjackson75,
  title = {Pion and Nucleon Structure Functions near $x=1$},
  author = {Farrar, Glennys R. and Jackson, Darrell R.},
  journal = {Phys. Rev. Lett.},
  volume = {35},
  issue = {21},
  pages = {1416--1419},
  numpages = {0},
  year = {1975},
  month = {Nov},
  publisher = {American Physical Society},
  doi = {10.1103/PhysRevLett.35.1416},
}

@article{feldmeier98,
title = "A unitary correlation operator method ",
journal = "Nuclear Physics A ",
volume = "632",
number = "1",
pages = "61 - 95",
year = "1998",
note = "",
issn = "0375-9474",
doi = "http://dx.doi.org/10.1016/S0375-9474(97)00805-1",
author = "H. Feldmeier and T. Neff and R. Roth and J. Schnack",
keywords = "Few-body systems",
keywords = "Fermion systems",
keywords = "Ground state properties",
keywords = "Short range correlations",
keywords = "Nucleon-nucleon interactions",
keywords = "Effective interactions",
keywords = "Cluster approximation "
}


@article{fissum04,
      author         = "Fissum, K.G. and others",
      title          = "{The Dynamics of the quasielastic O-16(e, e-prime p)
                        reaction at Q**2 =~ 0.8 (GeV/c)**2}",
      collaboration  = "Jefferson Lab Hall A Collaboration",
      journal        = "Phys.Rev.",
      volume         = "C70",
      pages          = "034606",
      doi            = "10.1103/PhysRevC.70.034606",
      year           = "2004",
      eprint         = "nucl-ex/0401021",
      archivePrefix  = "arXiv",
      primaryClass   = "nucl-ex",
      reportNumber   = "JLAB-PHY-04-21",
      SLACcitation   = "%%CITATION = NUCL-EX/0401021;%%",
}




@article{Fomin:2012,
  author = "Fomin, N. and others",
  year = 2012,
  journal = PRL,
  volume = 108,
  pages = 092502,
  title = "New measurements of high-momentum nucleons and short-range structures in nuclei"}


@article{forest96,
  author = "Forest, J.L. and others",
  title = "Femtometer toroidal structures in nuclei",
  journal = PRC,
  volume = 54,
  pages = 646,
  year = 1996}

@conference{frankfurt08,
author = {Leonid Frankfurt and Mark Strikman},
editor = {Sigfrido Boffi and Claudio Ciofi degli Atti and Mauro Giannini and Daniele Treleani},
collaboration = {},
title = {Short-range nucleon correlations and neutrino emission by neutron stars},
publisher = {AIP},
year = {2008},
journal = {SIXTH INTERNATIONAL CONFERENCE ON PERSPECTIVES IN HADRONIC PHYSICS},
volume = {1056},
pages = {241-247},
location = {Trieste (Italy)},
keywords = {neutron stars; nuclear matter; heavy ion-nucleus reactions; nucleon-nucleon interactions; deep inelastic scattering; quantum chromodynamics},
}



@article{freedman77,
  author = "Freedman, Daniel Z. and Schramm, David N. and Tubbs, David L.",
  title = "The Weak Neutral Current and its Effects in Stellar Collapse",
  year = 1977, 
  pages = 167, 
  journal = "Ann. Rev. Nucl. Sci.",
  volume = 27
}

@article{frullani84,
  author = "Frullani, S.  and Mougey, J.",
  title = "Single Particle Properties of Nuclei Through $(e,e'p)$ Reactions",
  journal = "Adv. Nucl. Phys.",
  volume = 14, 
  pages = 1,
  year = 1984}

@article{franey85, 
  author ="Franey, M.A. and Love, W.G.", 
  journal = PRC,
  volume = 31, 
  pages= 488, 
  year =1985}



@article{gandolfi13,
  title = {Precise Determination of the Structure Factor and Contact in a Unitary Fermi Gas},
  author = {Hoinka, Sascha and Lingham, Marcus and Fenech, Kristian and Hu, Hui and Vale, Chris J. and Drut, Joaqu\'{i}n E. and Gandolfi, Stefano},
  journal = {Phys. Rev. Lett.},
  volume = {110},
  issue = {5},
  pages = {055305},
  numpages = {5},
  year = {2013},
  month = {Jan},
  publisher = {American Physical Society},
  doi = {10.1103/PhysRevLett.110.055305}
}


@article{gao00,
  author ="Gao, J.  and others", 
  title = "Dynamical Relativistic Effects in Quasielastic 
                  1p-Shell Proton Knockout from $^{16}$O", 
  journal = PRL,
   volume = 84, 
   pages = 3265,
   year =2000
} 

@article{garibaldi92, 
  author ="Garibaldi, F.  and others", 
  journal = NIM,
   volume = "A314", 
   pages = 1,
   year =1992
} 

@article{garino92,
  title = {Proton propagation in nuclei studied in the (        \textit{e}      ,        \textit{e}      '        \textit{p}      ) reaction},
  author = {Garino, G. and others},
  journal = {Phys. Rev. C},
  volume = {45},
  issue = {2},
  pages = {780--790},
  year = {1992},
  month = {Feb},
  doi = {10.1103/PhysRevC.45.780},
  publisher = {American Physical Society}
}

@article{garrow02,
  title = {Nuclear transparency from quasielastic ${A(e,e}^{\ensuremath{'}}p)$ reactions up to ${Q}^{2}=8.1(\mathrm{GeV}{/c)}^{2}$},
  author = {Garrow, K. and McKee, D. and Ahmidouch, A. and Armstrong, C. S. and Arrington, J. and Asaturyan, R. and Avery, S. and Baker, O. K. and Beck, D. H. and Blok, H. P. and Bochna, C. W. and Boeglin, W. and Bosted, P. and Bouwhuis, M. and Breuer, H. and Brown, D. S. and Bruell, A. and Carlini, R. D. and Chant, N. S. and Cochran, A. and Cole, L. and Danagoulian, S. and Day, D. B. and Dunne, J. and Dutta, D. and Ent, R. and Fenker, H. C. and Fox, B. and Gan, L. and Gaskell, D. and Gasparian, A. and Gao, H. and Geesaman, D. F. and Gilman, R. and Gu\`eye, P. L. J. and Harvey, M. and Holt, R. J. and Jiang, X. and Keppel, C. E. and Kinney, E. and Liang, Y. and Lorenzon, W. and Lung, A. and Mack, D. J. and Markowitz, P. and Martin, J. W. and McIlhany, K. and Meekins, D. and Miller, M. A. and Milner, R. G. and Mitchell, J. H. and Mkrtchyan, H. and Mueller, B. A. and Nathan, A. and Niculescu, G. and Niculescu, I. and O'Neill, T. G. and Papavassiliou, V. and Pate, S. and Piercey, R. B. and Potterveld, D. and Ransome, R. D. and Reinhold, J. and Rollinde, E. and Roos, P. and Sarty, A. J. and Sawafta, R. and Schulte, E. C. and Segbefia, E. and Smith, C. and Stepanyan, S. and Strauch, S. and Tadevosyan, V. and Tang, L. and Tieulent, R. and Uzzle, A. and Vulcan, W. F. and Wood, S. A. and Xiong, F. and Yuan, L. and Zeier, M. and Zihlmann, B. and Ziskin, V.},
  journal = {Phys. Rev. C},
  volume = {66},
  issue = {4},
  pages = {044613},
  numpages = {10},
  year = {2002},
  month = {Oct},
  publisher = {American Physical Society},
  doi = {10.1103/PhysRevC.66.044613},
}


@article{georgi76,
  title = {Precocious Scaling, Rescaling, and $$\xi${}$ Scaling},
  author = {Georgi, Howard and Politzer, H. David},
  journal = {Phys. Rev. Lett.},
  volume = {36},
  issue = {22},
  pages = {1281--1284},
  numpages = {0},
  year = {1976},
  month = {May},
  publisher = {American Physical Society},
  doi = {10.1103/PhysRevLett.36.1281}
}


@article{gross92,
  title = {Relativistic one-boson-exchange model for the nucleon-nucleon interaction},
  author = {Gross, Franz and Van Orden, J. W. and Holinde, Karl},
  journal = {Phys. Rev. C},
  volume = {45},
  issue = {5},
  pages = {2094--2132},
  numpages = {0},
  year = {1992},
  month = {May},
  publisher = {American Physical Society},
  doi = {10.1103/PhysRevC.45.2094}
}


@article{hedayati95, 
  author ="Hedayati-Poor, M. and Johansson, J.I., and Sherif, H.S.",
  journal = PRC, 
  volume = 51, 
  pages = 2044, 
  year =1995}



@article{hen12a,
      author         = "Hen, O. and others",
      title          = "{Measurement of transparency ratios for protons from
                        short-range correlated pairs}",
      collaboration  = "CLAS Collaboration",
      journal        = "Phys. Lett.",
      volume         = "B722",
      pages          = "63-68",
      doi            = "10.1016/j.physletb.2013.04.011",
      year           = "2013",
}


 
@article{Hen:2014nza,
      author         = "Hen, O. and others",
      title          = "{Momentum sharing in imbalanced Fermi systems}",
      journal        = "Science",
      volume         = "346",
      year           = "2014",
      pages          = "614-617",
      doi            = "10.1126/science.1256785",
      eprint         = "1412.0138",
      archivePrefix  = "arXiv",
      primaryClass   = "nucl-ex",
      SLACcitation   = "%%CITATION = ARXIV:1412.0138;%%"
}
 
@article{horowitz81, 
  author ="Horowitz, C.J. and Serot, B.D.", 
  journal = NP,
   volume = "A368", 
   pages = 503, 
   year =1981}

@article{horowitz03,
  title = {Supernova observation via neutrino-nucleus elastic scattering in the CLEAN detector},
  author = {Horowitz, C. J. and Coakley, K. J. and McKinsey, D. N.},
  journal = {Phys. Rev. D},
  volume = {68},
  issue = {2},
  pages = {023005},
  numpages = {7},
  year = {2003},
  month = {Jul},
  publisher = {American Physical Society},
  doi = {10.1103/PhysRevD.68.023005}
}


@article{hynes85, 
  author ="Hynes, M.V. and others", 
  journal = PRC,
  volume = 31, 
  pages = 1438,
  year =1985}



@article{janssen00,
  author = "Janssen, S. and others",
  journal = NP,
  volume = "A672",
  pages = 285,
  year = 2000
}

@article{johansson64,
  author = {A. Johansson},
  journal = {Phys. Rev.},
  volume = 136,
  pages = {B1030},
  year = 1964
}

@article{kelly96,
  author = "Kelly, J.J.", 
  title = "Nucleon Knockout by Intermediate Energy Electrons",
  journal = "Adv. Nucl. Phys.",
  volume = 23, 
  pages = 75,
  year = 1996
}

@article{kelly97, 
  author ="Kelly, J.J.", 
  journal = PRC, 
  volume = 56, 
  pages = 2672, 
  year =1997}

@misc{kelly99, 
  author ="Kelly, J.J.",
  archive   = "http://arXiv.org/abs",
  eprint    = "nucl-th/9905024"
}


@Article{klim06,
  title = {Electron scattering from high-momentum neutrons in deuterium},
  collaboration = {CLAS Collaboration},
  author = {Klimenko, A. V. and others},
  journal = {Phys. Rev. C},
  volume = {73},
  number = {3},
  pages = {035212},
  numpages = {14},
  year = {2006},
  month = {Mar},
  doi = {10.1103/PhysRevC.73.035212},
  publisher = {American Physical Society}
}

@article{kramer01,
title = "A consistent analysis of (e,e?p) and (d,3He) experiments",
journal = "Nuclear Physics A",
volume = "679",
number = "3",
pages = "267 - 286",
year = "2001",
note = "",
issn = "0375-9474",
doi = "http://dx.doi.org/10.1016/S0375-9474(00)00379-1",
author = "G.J. Kramer and H.P. Blok and L. Lapikas",
keywords = " Ca(e,e?p)",
keywords = "=440 MeV",
keywords = "Measured (,)",
keywords = "Deduced spectroscopic factors",
keywords = "Comparison of spectroscopic factors from (e,e?p) and (d,He)"
}

@article{lapikas97,
title = "Quasi-elastic electron scattering off nuclei",
journal = "Nuclear Physics A",
volume = "553",
number = "",
pages = "297 - 308",
year = "1993",
note = "",
issn = "0375-9474",
doi = "http://dx.doi.org/10.1016/0375-9474(93)90630-G",
author = "L. Lapikas",

}

@article{leuschner94, 
  author = "Leuschner, M. and others", 
  journal = PRC,
  volume = 49,   
  pages = 955, 
  year =1994
}

@article{liyanage01,
  title = {Dynamics of the ${}^{16}O(\mathit{e},{\mathit{e}}^{\ensuremath{'}}\mathit{p})$ Reaction at High Missing Energies},
  author = {Liyanage, N. and others},
  collaboration = {The Jefferson Lab Hall A Collaboration},
  journal = {Phys. Rev. Lett.},
  volume = {86},
  issue = {25},
  pages = {5670--5674},
  numpages = {0},
  year = {2001},
  month = {Jun},
  publisher = {American Physical Society},
  doi = {10.1103/PhysRevLett.86.5670},
}


@article{meln97,
  author = "Melnitchouk, W. and Sargsian, M. and Strikman, M.I.",
  journal = "Z. Phys. A",
  volume = 359,
  pages = 99,
  year = 1997
}

@article{moniz71,
  title = {Nuclear Fermi Momenta from Quasielastic Electron Scattering},
  author = {Moniz, E. J. and Sick, I. and Whitney, R. R. and Ficenec, J. R. and Kephart, R. D. and Trower, W. P.},
  journal = {Phys. Rev. Lett.},
  volume = {26},
  issue = {8},
  pages = {445--448},
  numpages = {0},
  year = {1971},
  month = {Feb},
  publisher = {American Physical Society},
  }



@article{niyazov04,
  collaboration = {CLAS Collaboration},
  author = {Niyazov, R. A. and others},
  volume = {92},
  journal = {Phys. Rev. Lett.},
  title = {Two-Nucleon Momentum Distributions Measured in $^{3}\mathrm{H}\mathrm{e}(e,{e}^{$'${}}pp)n$},
  year = {2004},
  doi = {10.1103/PhysRevLett.92.052303},
  pages = {052303}
}

@article{onderwater97,
  author="Onderwater, G. and others", 
  title = "Dominance of $^1S_0$ Proton-Pair Emission in the 
               $^{16}$O$(e,e^\prime pp)$ Reaction",
  journal = PRL,
  volume = 78,
  pages = 4893,
  year = 1997
}

@article{onderwater98,
  author="Onderwater, G. and others", 
  title = "Signatures for Short-Range Correlations in $^{16}$O Observed in
             the Reaction $^{16}$O($e,e^\prime pp$)$^{14}$C",
  journal = PRL,
  volume = 81,
  pages = 2213,
  year = 1998
}

@article{oneill95,
title = "A-dependence of nuclear transparency in quasielastic A(e, ef'p) at high Q2",
journal = "Physics Letters B",
volume = "351",
number = "1",
pages = "87 - 92",
year = "1995",
issn = "0370-2693",
doi = "https://doi.org/10.1016/0370-2693(95)00362-O",
author = "T.G. O'Neill and W. Lorenzon and P. Anthony and R.G. Arnold and J. Arrington and E.J. Beise and J.E. Belz and P.E. Bosted and H.-J. Bulten and M.S. Chapman and K.P. Coulter and F. Dietrich and R. Ent and M. Epstein and B.W. Filippone and H. Gao and R.A. Gearhart and D.F. Geesaman and J.-O. Hansen and R.J. Holt and H.E. Jackson and C.E. Jones and C.E. Keppel and E.R. Kinney and S. Kuhn and K. Lee and A. Lung and N.C.R. Makins and D.J. Margaziotis and R.D. McKeown and R.G. Milner and B. Mueller and J. Napolitano and J. Nelson and V. Papavassiliou and G.G. Petratos and D.H. Potterveld and S.E. Rock and M. Spengos and Z.M. Szalata and L.H. Tao and K. van Bibber and J.F.J. van den Brand and J.L. White and B. Zeidman"
}

@article{ozen14,
  author = {Ozen, Cem and Zinner, Nikolaj Thomas},
  title = {Mapping the two-component atomic Fermi gas to the nuclear shell-model},
  journal = {Eur. Phys. J. D},
  volume = 68,
  year = 2014,
  pages = 225
}







@article{pickle85, 
  author ="Picklesimer, A. and Van~Orden, J.W. and Wallace, S.J.", 
  journal = PRC,
  volume = 32,
 pages = 1312,
  year =1985}

@article{pickle89, 
  author ="Picklesimer, A. and Van~Orden, J.W.", 
  journal = PRC,
   volume = 40, 
   pages = 290, 
   year =1989}

@misc{PolEmc14,
  author = "Kuhn, S.E. and Brooks, W.K.",
  title = {Jefferson Lab Experiment E12-14-001: The EMC Effect in Spin Structure Functions},
  year = 2014
}

@article{RevModPhys.32.567,
  title = {Stripping Reactions and the Structure of Light and Intermediate Nuclei},
  author = {Macfarlane, M. H. and French, J. B.},
  journal = {Rev. Mod. Phys.},
  volume = {32},
  issue = {3},
  pages = {567--691},
  numpages = {0},
  year = {1960},
  month = {Jul},
  publisher = {American Physical Society},
  doi = {10.1103/RevModPhys.32.567},
}

@article{roth10,
title = "Nuclear structure in the framework of the Unitary Correlation Operator Method ",
journal = "Progress in Particle and Nuclear Physics ",
volume = "65",
number = "1",
pages = "50 - 93",
year = "2010",
note = "",
issn = "0146-6410",
doi = "http://dx.doi.org/10.1016/j.ppnp.2010.02.003",
author = "Robert Roth and Thomas Neff and Hans Feldmeier",
keywords = "Nuclear structure theory",
keywords = "Short-range correlations",
keywords = "Unitary Correlation Operator Method",
keywords = "Similarity Renormalization Group "
}


@article{rvachev05,
author = {M. M. Rvachev and  others},
collaboration = {Jefferson Lab Hall A Collaboration},
title = {Quasielastic $^3$He($e,e'p)^2$H Reaction at $Q^2 = 1.5$  GeV$^2$ for Recoil Momenta up to 1  GeV/c},
publisher = {APS},
year = {2005},
journal = PRL,
volume = {94},
number = {19},
eid = {192302},
pages = {192302},
keywords = {electron-nucleus reactions; nuclei with mass number 1 to 5},
}



@article{said98,
  title = {Combined analysis of the reactions $\mathrm{pp}\ensuremath{\rightarrow}pp,\ensuremath{\pi}d\ensuremath{\rightarrow}\ensuremath{\pi}d$, and $\ensuremath{\pi}d\ensuremath{\rightarrow}\mathrm{pp}$},
  author = {Oh, Chang Heon and Arndt, Richard A. and Strakovsky, Igor I. and Workman, Ron L.},
  journal = {Phys. Rev. C},
  volume = {56},
  issue = {2},
  pages = {635--640},
  numpages = {0},
  year = {1997},
  month = {Aug},
  publisher = {American Physical Society},
  doi = {10.1103/PhysRevC.56.635},
}

@Article{Sargsian02,
     author    = "Sargsian, M. M. and others",
     title     = "{Hadrons in the nuclear medium}",
     journal   = "J. Phys.",
     volume    = "G29",
     year      = "2003",
     pages     = "R1",
}%     eprint    = "nucl-th/0210025",
  %   archivePrefix = "arXiv",
   %  SLACcitation  = "%%CITATION = NUCL-TH/0210025;%%"


@article{sargsian12,
      author         = "Sargsian, Misak M.",
      title          = "{New Properties of High Momentum Distribution of Nucleons
                        in Asymmetric Nuclei}",
      year           = "2012",
      eprint         = "1210.3280",
      archivePrefix  = "arXiv",
      primaryClass   = "nucl-th",
      reportNumber   = "NUPAR-11-2012",
      SLACcitation   = "%%CITATION = ARXIV:1210.3280;%%",
}

@article{sargsian14,
  title = {New properties of the high-momentum distribution of nucleons in asymmetric nuclei},
  author = {Sargsian, Misak M.},
  journal = {Phys. Rev. C},
  volume = {89},
  issue = {3},
  pages = {034305},
  numpages = {5},
  year = {2014},
  month = {Mar},
  publisher = {American Physical Society},
  doi = {10.1103/PhysRevC.89.034305}
}

@article{schiavilla07,
author = {R. Schiavilla and R. B. Wiringa and Steven C. Pieper and J. Carlson},
collaboration = {},
title = {Tensor Forces and the Ground-State Structure of Nuclei},
publisher = {APS},
year = {2007},
journal = {Physical Review Letters},
volume = {98},
number = {13},
eid = {132501},
pages = {132501},
}



@article{scholberg06,
  title = {Prospects for measuring coherent neutrino-nucleus elastic scattering at a stopped-pion neutrino source},
  author = {Scholberg, Kate},
  journal = {Phys. Rev. D},
  volume = {73},
  issue = {3},
  pages = {033005},
  numpages = {9},
  year = {2006},
  month = {Feb},
  publisher = {American Physical Society},
  doi = {10.1103/PhysRevD.73.033005},
}



@article{schwandt82, 
  author ="Schwandt, P. and others", 
  journal = PRC, 
  volume = 26, 
  pages = 55, 
  year =1982}

@article{serot86, 
  author ="Serot, B.D. and Walecka, J.D.",
  journal = "Adv. Nucl. Phys.", 
  volume = 16, 
  pages = 1,
  year =1986}




@article{simon80, 
  author ="Simon, G.G. and others", 
  journal = NP,
   volume = "A333", 
   pages = 381,
    year =1980}

@article{simula96,
  author = "Simula, S.",
  journal = "Phys. Lett.",
  volume = "B387",
  pages = 245,
  year = 1996
}

@misc{solvignonexpt11,
  author = "Solvignon-Slifer, P. and Arrington, J.",
  year = 2011,
  title = "{Precision measurement of the isospin dependence in the 2N and 3N short range correlation region, Jefferson Lab Experiment E12-11-112}"
}

@article{spaltro93, 
  author ="Spaltro, C.M. and others", 
 journal = PRC,
 volume = 48, 
 pages = 2385,
 year =1993}


@misc{src07,
 author = "E. Piasetzky and others",
 title = "{Jefferson Lab Expt E07-006, Studying Short-Range Correlations in Nuclei at the Repulsive Core Limit via the Triple Coincidence $(e,e'pN)$ Reaction}",
 year = 2007,
}

@article{tang03, 
  author = "Tang, A. and others", 
  title = "n-p Short-Range Correlations from (p,2p+n) Measurements",
  journal = PRL,
  volume = 90,   
  pages = 042301, 
  year =2003
}

@article{udias93, 
  author ="Udias, J.M. and others", 
  journal = PRC,
  volume = 48, 
  pages = 2731, 
  year =1993}

@article{udias95, 
  author ="Udias, J.M. and others", 
  journal = PRC,
  volume = 51, 
  pages = 3246, 
  year =1995}

@misc{udias99, 
  author ="Udias, J.M. and others",
  archive   = "http://arXiv.org/abs",
  eprint    = "nucl-th/9905030"
}

@article{ulmer02,
  title = {$^{\mathrm{2}}\mathrm{H}(e,{e}^{$'${}}p)n$ Reaction at High Recoil Momenta},
  author = {Ulmer, P. E. and Aniol, K. A. and Arenh\"ovel, H. and Chen, J.-P. and Chudakov, E. and Crovelli, D. and Finn, J. M. and Fissum, K. G. and Gayou, O. and Gomez, J. and Hansen, J.-O. and de Jager, C. W. and Jeschonnek, S. and Jones, M. K. and Kuss, M. and LeRose, J. J. and Liang, M. and Lindgren, R. A. and Malov, S. and Meekins, D. and Michaels, R. and Mitchell, J. and Perdrisat, C. F. and Punjabi, V. and Roch\'e, R. and Sabatie, F. and Saha, A. and Suleiman, R. and Todor, L. and Wojtsekhowski, B. B.},
  journal = {Phys. Rev. Lett.},
  volume = {89},
  issue = {6},
  pages = {062301},
  numpages = {4},
  year = {2002}
}



@misc{vanhalst14,
  author = "Maarten Vanhalst and Wim Cosyn and Jan Ryckebusch",
   title          = "{Stylized features of single-nucleon momentum
                        distributions}",
  archive = "http://arXiv.org/abs",
  eprint = "1405.3814",
  year = 2014
}

@article{Vanhalst:2011es,
      author         = "Vanhalst, Maarten and Cosyn, Wim and Ryckebusch, Jan",
      title          = "{Counting the amount of correlated pairs in a nucleus}",
      journal        = "Phys. Rev.",
      volume         = "C84",
      year           = "2011",
      pages          = "031302",
      doi            = "10.1103/PhysRevC.84.031302",

}

  @article{Ryckebusch:2003fc,
      author         = "Ryckebusch, J. and Debruyne, D. and Lava, P. and Janssen,
                        S. and Van Overmeire, B. and Van Cauteren, T.",
      title          = "{Relativistic formulation of Glauber theory for A(e,
                        e-prime p) reactions}",
      journal        = "Nucl. Phys.",
      volume         = "A728",
      year           = "2003",
      pages          = "226-250",
      doi            = "10.1016/j.nuclphysa.2003.08.022",
      eprint         = "nucl-th/0305066",
      archivePrefix  = "arXiv",
      primaryClass   = "nucl-th",
      SLACcitation   = "%%CITATION = NUCL-TH/0305066;%%"
}

@article{Colle:2013nna,
      author         = "Colle, Camille and Cosyn, Wim and Ryckebusch, Jan and
                        Vanhalst, Maarten",
      title          = "{Factorization of exclusive electron-induced two-nucleon
                        knockout}",
      journal        = "Phys. Rev.",
      volume         = "C89",
      year           = "2014",
      number         = "2",
      pages          = "024603",
      doi            = "10.1103/PhysRevC.89.024603",
}






@article{wiringa95,
  title = {Accurate nucleon-nucleon potential with charge-independence breaking},
  author = {Wiringa, R. B. and Stoks, V. G. J. and Schiavilla, R.},
  journal = {Phys. Rev. C},
  volume = {51},
  issue = {1},
  pages = {38--51},
  numpages = {0},
  year = {1995},
  month = {Jan},
  publisher = {American Physical Society},
}




@article{yaron16,
      author         = "Yaron, I. and others",
      title          = "{Polarization-transfer measurement to a large-virtuality
                        bound proton in the deuteron}",
      collaboration  = "A1",
      year           = "2016",
      eprint         = "1602.06104",
      archivePrefix  = "arXiv",
      primaryClass   = "nucl-ex",
      SLACcitation   = "%%CITATION = ARXIV:1602.06104;%%"
}

@article{Bethe:1971xm,
      author         = "Bethe, H.A.",
      title          = "{Theory of nuclear matter}",
      journal        = "Ann.Rev.Nucl.Part.Sci.",
      volume         = "21",
      pages          = "93-244",
      doi            = "10.1146/annurev.ns.21.120171.000521",
      year           = "1971",
      SLACcitation   = "%%CITATION = ARNUA,21,93;%%",
}

@article{12GeVWhitePaper,
      author         = "Dudek, Jozef and Ent, Rolf and Essig, Rouven and Kumar,
                        Krishna and Meyer, Curtis and others",
      title          = "{Physics Opportunities with the 12 GeV Upgrade at
                        Jefferson Lab}",
      journal        = "Eur.Phys.J.",
      volume         = "A48",
      pages          = "187",
      doi            = "10.1140/epja/i2012-12187-1",
      year           = "2012",
      eprint         = "1208.1244",
      archivePrefix  = "arXiv",
      primaryClass   = "hep-ex",
      reportNumber   = "JLAB-PHY-12-1599",
      SLACcitation   = "%%CITATION = ARXIV:1208.1244;%%",
}

@article{Allasia90,
title = "Measurement of the neutron and the proton F2 structure function ratio",
journal = "Phys. Lett. B",
volume = "249",
number = "2",
pages = "366",
year = "1990",
author = "D. Allasia and others"
}


@article{Arneodo88,
title = "Shadowing in deep inelastic muon scattering from nuclear targets",
journal = "Phys. Lett. B",
volume = "211",
number = "4",
pages = "493",
year = "1988",
author = "M. Arneodo and others"
}

@article{Arneodo90,
title = "Measurements of the nucleon structure function in the range $0.002 < x < 0.17$ and $0.2 < Q^2 < 8$ GeV$^2$ in deuterium, carbon and calcium",
journal = "Nucl. Phys. B",
volume = "333",
pages = "1",
year = "1990",
author = "M. Arneodo and others"
}

@article{Arrington09,
  author = "J. Arrington and F. Coester and R.J. Holt and T.-S. H. Lee",
  title = "Neutron structure functions",
  journal = "J. Phys. G",
  volume = 36,
  pages = 025005,
  year = 2009
}

@article{Arrington:2011xs,
      author         = "Arrington, J. and Higinbotham, D.W. and Rosner, G. and
                        Sargsian, M.",
      title          = "{Hard probes of short-range nucleon-nucleon
                        correlations}",
      journal        = "Prog.Part.Nucl.Phys.",
      volume         = "67",
      pages          = "898-938",
      doi            = "10.1016/j.ppnp.2012.04.002",
      year           = "2012",
      eprint         = "1104.1196",
      archivePrefix  = "arXiv",
      primaryClass   = "nucl-ex",
      reportNumber   = "PHY-12946-ME-2011, JLAB-PHY-11-1329",
      SLACcitation   = "%%CITATION = ARXIV:1104.1196;%%",
}
@article{Arrington12,
  title = {Detailed study of the nuclear dependence of the EMC effect and short-range correlations},
  author = {Arrington, J. and Daniel, A. and Day, D. B. and Fomin, N. and Gaskell, D. and Solvignon, P.},
  journal = {Phys. Rev. C},
  volume = {86},
  issue = {6},
  pages = {065204},
  numpages = {13},
  year = {2012},
  month = {Dec},
  publisher = {American Physical Society},
  doi = {10.1103/PhysRevC.86.065204},
}



@article{Ashman88,
title = "Measurement of the ratios of deep inelastic muon-nucleus cross sections on various nuclei compared to deuterium",
journal = "Phys. Lett. B",
volume = "202",
pages = "603",
year = "1988",
author = "J. Ashman and others",
}

@article{Aubert83,
author = {J.J. Aubert and others},
year = {1983},
journal = "Phys. Lett. B",
volume = {123},
pages = {275}
}


@article{Boeglin:2011mt,
      author         = "Boeglin, W.U. and others",
      title          = "{Probing the high momentum component of the deuteron at
                        high $ Q^2$}",
      collaboration  = "Hall A Collaboration",
      journal        = "Phys.Rev.Lett.",
      volume         = "107",
      pages          = "262501",
      doi            = "10.1103/PhysRevLett.107.262501",
      year           = "2011",
      reportNumber   = "JLAB-PHY-11-1471, APS-123-QED",
      SLACcitation   = "%%CITATION = ARXIV:1106.0275;%%",
}
@article{Benhar12,
      author         = "Benhar, Omar and Sick, Ingo",
      title          = "{Nuclear binding, correlations and the origin of EMC
                        effect}",
      year           = "2012",
      eprint         = "1207.4595",
      archivePrefix  = "arXiv",
      primaryClass   = "nucl-th",
      SLACcitation   = "%%CITATION = ARXIV:1207.4595;%%",
}



@Article{Buck79,
  author = "Buck, W. W. and Gross, F.",
  year = 1979,
  journal = "Phys. Rev. D",
  volume = 20,
  pages = 2361
}

@article{Carbone12,
 author = {A. Carbone and A. Polls and A. Rios},
 journal = {Euro. Phys. Lett.},
 volume =  97, 
 pages = 22001,
 year =  2012
}

@article{CDBonn01,
  title = {High-precision, charge-dependent Bonn nucleon-nucleon potential},
  author = {Machleidt, R.},
  journal = {Phys. Rev. C},
  volume = {63},
  issue = {2},
  pages = {024001},
  numpages = {32},
  year = {2001},
  month = {Jan},
  publisher = {American Physical Society}
}



@article{Ciofi07,
  title = {On the dependence of the wave function of a bound nucleon on its momentum and the EMC effect},
  author = "{C. Ciofi degli Atti, L.L. Frankfurt, L.P. Kaptari and M.I. Strikman}",
  journal = {Phys. Rev. C},
  volume = {76},
  number = {5},
  pages = {055206},
  numpages = {12},
  year = {2007},
}

@article{CiofidegliAtti:2007ork,
      author         = "Ciofi degli Atti, C. and Frankfurt, L. L. and Kaptari, L.
                        P. and Strikman, M. I.",
      title          = "{On the dependence of the wave function of a bound
                        nucleon on its momentum and the EMC effect}",
      journal        = "Phys. Rev.",
      volume         = "C76",
      year           = "2007",
      pages          = "055206",
      doi            = "10.1103/PhysRevC.76.055206",
      eprint         = "0706.2937",
      archivePrefix  = "arXiv",
      primaryClass   = "nucl-th",
      SLACcitation   = "%%CITATION = ARXIV:0706.2937;%%"
}

@article{ciofi15,
  title = {In-medium short-range dynamics of nucleons: Recent theoretical and experimental advances},
  author = "{C. Ciofi degli Atti}",
  journal = {Phys. Rep.},
  volume = 590,
  pages = 1,
  year = 2015
}

@article{Cloet:2006bq,
      author         = "Cloet, I. C. and Bentz, Wolfgang and Thomas, Anthony
                        William",
      title          = "{EMC and polarized EMC effects in nuclei}",
      journal        = "Phys. Lett.",
      volume         = "B642",
      year           = "2006",
      pages          = "210-217",
      doi            = "10.1016/j.physletb.2006.08.076",
      eprint         = "nucl-th/0605061",
      archivePrefix  = "arXiv",
      primaryClass   = "nucl-th",
      reportNumber   = "ADP-06-05-T636, JLAB-THY-06-496",
      SLACcitation   = "%%CITATION = NUCL-TH/0605061;%%"
}

@Article{Cloet09,
      author         = "Cloet, I. C. and Bentz, W. and Thomas, A. W.",
      title          = "{Isovector EMC effect explains the NuTeV anomaly}",
      journal        = "Phys. Rev. Lett.",
      volume         = "102",
      year           = "2009",
      pages          = "252301",
      doi            = "10.1103/PhysRevLett.102.252301",
      eprint         = "0901.3559",
      archivePrefix  = "arXiv",
      primaryClass   = "nucl-th",
      reportNumber   = "NT-UW-09-03, JLAB-THY-09-933",
      SLACcitation   = "%%CITATION = ARXIV:0901.3559;%%"
}

@article{Cloet:2009qs,
      author         = "Cloet, I. C. and Bentz, W. and Thomas, A. W.",
      title          = "{Isovector EMC effect explains the NuTeV anomaly}",
      journal        = "Phys. Rev. Lett.",
      volume         = "102",
      year           = "2009",
      pages          = "252301",
      doi            = "10.1103/PhysRevLett.102.252301",
      eprint         = "0901.3559",
      archivePrefix  = "arXiv",
      primaryClass   = "nucl-th",
      reportNumber   = "NT-UW-09-03, JLAB-THY-09-933",
      SLACcitation   = "%%CITATION = ARXIV:0901.3559;%%"
}

@article{Cloet:2009tx,
      author         = "Cloet, I. C. and Miller, Gerald A. and Piasetzky, E. and
                        Ron, G.",
      title          = "{Neutron Properties in the Medium}",
      journal        = "Phys. Rev. Lett.",
      volume         = "103",
      year           = "2009",
      pages          = "082301",
      doi            = "10.1103/PhysRevLett.103.082301",
      eprint         = "0903.1312",
      archivePrefix  = "arXiv",
      primaryClass   = "nucl-th",
      reportNumber   = "NT-UW-09-06",
      SLACcitation   = "%%CITATION = ARXIV:0903.1312;%%"
}

@Article{Day87,
  title = {y scaling in electron-nucleus scattering},
  author = {Day, D. B. and others},
  journal = {Phys. Rev. Lett.},
  volume = {59},
  number = {4},
  pages = {427},
  numpages = {3},
  year = {1987}
}

@article{Day90,
  author = {D. B. Day and J. S. McCarthy and T. W. Donnelly and I. Sick},
  journal = {Annu. Rev. Nucl. Part. Sci.},
  volume = 40,
  pages = 357,
  year = 1990
}

@book{deShalit,
author ={A. de Shalit and H. Feshbach},
title={Theoretical Nuclear Physics, Volume I: Nuclear Structure},
publisher={John Wiley \& Sons, INC},
year=1974,
address={New York},
isbn={O-471-20385-8},
}


@misc{Emcsrcexpt11,
  author = "Hen, O. and Weinstein, L.B. and Wood, S.A. and Gilad, S.",
  year = 2011,
  title = "{In Medium Nucleon Structure Functions, SRC, and the EMC effect, Jefferson Lab experiment E12-11-107}"
}

@misc{Emcsrcdeens,
  author = "Hen, O. and Weinstein, L.B. and Piasetzky, E.I. and Hakobyan, H.",
  year = 2014,
  title = "{In Medium Proton Structure Functions, SRC, and the EMC effect, Jefferson Lab experiment E12-11-003A}"
}


@article{Fiorentini13a,
 author = {G. A. Fiorentini and others},
 collaboration = {MINERvA Collaboration}, 
 journal = {Phys. Rev. Lett.},
 volume =  111, 
 pages = 022501,
 year = 2013
}


@phdthesis{Fomin07,
  author = "Fomin, N.",
  year = 2007,
  school = "{University of Virginia}",
  archivePrefix = "arXiv",
  eprint = "0812.2144"
}


@Article{Geesaman95,
 author = {Geesaman, D.F. and Saito, K. and Thomas, A.W.},
 title = "{The Nuclear EMC Effect}",
 year = 1995,
 journal = "Ann. Rev. Nucl. and Part. Sci.",
 pages = 337,
 volume = 45
}

@Article{Gomez94,
  title = {Measurement of the $A$ dependence of deep-inelastic electron scattering},
  author = {Gomez, J.  and others},
  journal = {Phys. Rev. D},
  volume = {49},
  pages = {4348},
  year = {1994}
}

@article{Griffioen:2015hxa,
      author         = "Griffioen, K. A. and others",
      title          = "{Measurement of the EMC Effect in the Deuteron}",
      journal        = "Phys. Rev.",
      volume         = "C92",
      year           = "2015",
      number         = "1",
      pages          = "015211",
      doi            = "10.1103/PhysRevC.92.015211",
      eprint         = "1506.00871",
      archivePrefix  = "arXiv",
      primaryClass   = "hep-ph",
      reportNumber   = "JLAB-PHY-15-2055",
      SLACcitation   = "%%CITATION = ARXIV:1506.00871;%%"
}



@article{Haussmann09,
  title = {Spectral functions and rf response of ultracold fermionic atoms},
  author = {Haussmann, R. and Punk, M. and Zwerger, W.},
  journal = {Phys. Rev. A},
  volume = {80},
  issue = {6},
  pages = {063612},
  numpages = {18},
  year = {2009},
  month = {Dec},
  publisher = {American Physical Society},
  }



@book{Heyde,
  author = "K. Heyde",
  year = 2004,
  title = "Basic Ideas and Concepts in Nuclear Physics",
  publisher = "Institute of Physics"
}
 
@Article{Higinbotham10,
     author    = "Higinbotham, D. W. and Gomez, J. and Piasetzky, E.",
     title     = "{Nuclear Scaling and the EMC Effect}",
     year      = "2010",
     eprint    = "1003.4497",
     archivePrefix = "arXiv",
     primaryClass  =  "hep-ph",
     SLACcitation  = "%%CITATION = 1003.4497;%%"
}

@article{Holt10,
  title = {Nucleon and pion distribution functions in the valence region},
  author = {Holt, Roy J. and Roberts, Craig D.},
  journal = {Rev. Mod. Phys.},
  volume = {82},
  issue = {4},
  pages = {2991--3044},
  numpages = {0},
  year = {2010},
  month = {Oct},
  publisher = {American Physical Society},
  doi = {10.1103/RevModPhys.82.2991},
}


@misc{Int13,
 title = {"INT workshop, ?Neutrino-Nucleus Interactions for Current and Next Generation Neutrino Oscillation Experiments? (INT-13-54W)."}
}

@article{Koester75,
title={New determination of the neutron-proton scattering amplitude and precise measurements of the scattering amplitudes on carbon, chlorine, fluorine and bromine},
author={L. Koester and W. Nistler},
year={1975},
numpages={8},
journal={Z.   f{\"u}r Physik A},
publisher={Springer-Verlag},
pages="189-196",
} 

@article{KULAGIN2006126,
title = "Global study of nuclear structure functions",
journal = "Nuclear Physics A",
volume = "765",
number = "1",
pages = "126 - 187",
year = "2006",
note = "",
issn = "0375-9474",
doi = "http://dx.doi.org/10.1016/j.nuclphysa.2005.10.011",
author = "S.A. Kulagin and R. Petti",
}


@article{Lattimer13,
 author = {J. M. Lattimer and Y. Lim}, 
 journal = {Apj},
 volume =  771, 
 pages = 51,
 year = 2013
}

@article{Machleidt20111,
title = "Chiral effective field theory and nuclear forces ",
journal = "Physics Reports ",
volume = "503",
number = "1",
pages = "1 - 75",
year = "2011",
note = "",
issn = "0370-1573",
author = "R. Machleidt and D.R. Entem",
keywords = "Low-energy \{QCD\}",
keywords = "Effective field theory",
keywords = "Chiral perturbation theory",
keywords = "Nuclear forces",
keywords = "Nucleon?nucleon scattering "
}

@Article{Melnitchouk96,
 author = "Melnitchouk, W. and Thomas, A. W.",
 year =  1996,
 journal = "Phys. Lett. B",
 volume =  377,
 pages = 11
}

@Article{Melnitchouk10,
     author    = "Melnitchouk, W.",
     title     = "{Nucleon structure at large x: nuclear effects in
                  deuterium}",
     journal   = "AIP Conf. Proc.",
     volume    = "1261",
     year      = "2010",
     pages     = "85-91",
     eprint    = "1006.4134",
     archivePrefix = "arXiv",
     primaryClass  =  "nucl-th",
     doi       = "10.1063/1.3479367",
     SLACcitation  = "%%CITATION = 1006.4134;%%"
}

@article{mosel16,
  author = "Mosel, U",
  title = "{Neutrino Interactions with Nucleons and Nuclei: Importance for Long Baseline Experiments}",
  journal = "Adv. Nucl. Part. Sci.",
  volume = 66,
  year = 2016,
  eprint = "1602.00696",
  archivePrefix = "arXiv",
  primaryClass  =  "nucl-th"
}
  

@article{Nijmegen94,
  title = {Construction of high-quality NN potential models},
  author = {Stoks, V. G. J. and Klomp, R. A. M. and Terheggen, C. P. F. and de Swart, J. J.},
  journal = {Phys. Rev. C},
  volume = {49},
  issue = {6},
  pages = {2950--2962},
  numpages = {0},
  year = {1994},
  month = {Jun},
  publisher = {American Physical Society}
}


@article{Norton03,
  author = "P. R. Norton", 
  journal = "Rep.  Prog.  Phys.",
  volume = 66, 
  pages = 1253,
  year = 2003
}

@article{Owens13,
  title = {Global parton distributions with nuclear and finite-${Q}^{2}$ corrections},
  author = {Owens, J. F. and Accardi, A. and Melnitchouk, W.},
  journal = {Phys. Rev. D},
  volume = {87},
  issue = {9},
  pages = {094012},
  numpages = {13},
  year = {2013},
  month = {May},
  publisher = {American Physical Society},
  doi = {10.1103/PhysRevD.87.094012},
}

@Article{Paolone10,
  title = {"Polarization Transfer in the 4He(e,e'p)3H Reaction at Q2=0.8 and 1.3 (GeV/c)2"},
  collaboration = {E03-104 Collaboration},
  author = {Paolone, M.  and others},
  journal = {Phys. Rev. Lett.},
  volume = {105},
  number = {7},
  pages = {072001},
  numpages = {5},
  year = {2010}
}

@misc{pvdisexpt,
  author = {Riordan, S. and Beminiwattha, R. and Arrington, A.},
  title = {"The EMC PVDIS Experiment, A Constraint on Isovector-Dependent Nuclear Modification Effects Using Parity-Violating Deep Inelastic Scattering, Proposal PR12-16-006"},
  year = 2016
}

@Article{Seely09,
  title = {New Measurements of the European Muon Collaboration Effect in Very Light Nuclei},
  author = {Seely, J.  and others},
  journal = {Phys. Rev. Lett.},
  volume = {103},
  pages = {202301},
  numpages = {5},
  year = {2009}
}

@Article{Seely:2009gt,
  title = {New Measurements of the European Muon Collaboration Effect in Very Light Nuclei},
  author = {Seely, J.  and others},
  journal = {Phys. Rev. Lett.},
  volume = {103},
  pages = {202301},
  numpages = {5},
  year = {2009}
}







@misc{VanOrdenPC,
  author = {Van Orden, J.W.},
  title = "private communication"
}

@article{Vidana11,
  title = {Nuclear symmetry energy and the role of the tensor force},
  author = {Vida\~na, Isaac and Polls, Artur and Provid\^encia, Constan\ifmmode \mbox{\c{c}}\else \c{c}\fi{}a},
  journal = {Phys. Rev. C},
  volume = {84},
  issue = {6},
  pages = {062801},
  numpages = {4},
  year = {2011},
  month = {Dec},
  publisher = {American Physical Society},
  doi = {10.1103/PhysRevC.84.062801},
}




 





@Article{Whitlow92,
 author = "Whitlow, L. W. and Riordan, E. M. and Dasu, S. and Rock, S. and Bodek, A.",
 year =  1992,
 journal = "Phys. Lett. B",
 volume = 282,
 pages = 475
}

@article{wjc08,
year={2008},
issn={0177-7963},
journal={Few-Body Systems},
volume={44},
number={1-4},
title={High-precision covariant one-boson-exchange potentials for np scattering below 350?MeV},
publisher={Springer-Verlag},
author={Gross, F. and Stadler, A.},
pages={295-298},
language={English}
}

@article{Xu13,
 author = {C. Xu and A. Li and B.A. Li}, 
 journal = {J. of Phys: Conference Series}, 
 volume = 420, 
 pages = 012190,
 year = 2013
}

@misc{Xu11,
 author = {C. Xu and B.A. Li},
  archivePrefix = "arXiv",
  eprint = "1104:2075",
 year = 2011
}

@article{zeller02,
  title = {Precise Determination of Electroweak Parameters in Neutrino-Nucleon Scattering},
  author = {Zeller, G. P. and others},
  journal = {Phys. Rev. Lett.},
  volume = {88},
  issue = {9},
  pages = {091802},
  numpages = {4},
  year = {2002},
  month = {Feb},
  publisher = {American Physical Society},
  doi = {10.1103/PhysRevLett.88.091802},
}

@article{zeller03,
  title = {Erratum: Precise Determination of Electroweak Parameters in Neutrino-Nucleon Scattering [Phys. Rev. Lett.     \textbf{88}  , 091802 (2002)]},
  author = {Zeller, G. P. and others},
  journal = {Phys. Rev. Lett.},
  volume = {90},
  issue = {23},
  pages = {239902},
  numpages = {1},
  year = {2003},
  month = {Jun},
  publisher = {American Physical Society},
  doi = {10.1103/PhysRevLett.90.239902},
}
 

@article{SAID,
  author = "Arndt, R.A. and  Strakovsky, I.I. and Workman, R. and Bugg, D.V.",
  title = "Analysis of the reaction pi +d-->pp to 500 MeV",
  journal = PRC,
  volume = 48,
  pages = 1926,
  year = 1993
}  %url = "http://gwdac.phys.gwu.edu/"

@article{alvioli10,
  title = {Calculation of the cross section and the transverse-longitudinal asymmetry of the process $^{3}\mathrm{He}$$(e,{e}^{'}p)\mathit{pn}$ at medium energies within the unfactorized generalized Glauber approach},
  author = {Alvioli, M. and Atti, C. Ciofi degli and Kaptari, L. P.},
  journal = {Phys. Rev. C},
  volume = {81},
  issue = {2},
  pages = {021001},
  numpages = {5},
  year = {2010},
  month = {Feb},
  doi = {10.1103/PhysRevC.81.021001},
  publisher = {American Physical Society}
}


@article{alvioli13,
  title = {Nucleon momentum distributions, their spin-isospin dependence, and short-range correlations},
  author = {Alvioli, M. and Ciofi degli Atti, C. and Kaptari, L. P. and Mezzetti, C. B. and Morita, H.},
  journal = {Phys. Rev. C},
  volume = {87},
  issue = {3},
  pages = {034603},
  numpages = {19},
  year = {2013},
  month = {Mar},
  doi = {10.1103/PhysRevC.87.034603},
  publisher = {American Physical Society}
}

@article{audit91,
  author = "Audit, G. and others",
  title = "Direct observation of a three-body mechanism in the reaction
           $^3$He$(\gamma, pp)n$",
  journal = PRC,
  year = 1991,
  volume = 44,
  pages = "R575"
}


@article{audit97,
  author = "Audit, G. and others",
  journal = NP,
  volume = "A614",
  pages = 461,
  year = 1997
}


@Article{bagh10,
  title = {Tensor Correlations Measured in $^{3}He(e,e^{'{}}pp)n$},
  collaboration = {CLAS Collaboration},
  author = "Baghdasaryan, H.  and others",
  journal = {Phys. Rev. Lett.},
  volume = {105},
  number = {22},
  pages = {222501},
  numpages = {5},
  year = {2010},
  month = {Nov},
  doi = {10.1103/PhysRevLett.105.222501},
  publisher = {American Physical Society}
}

@article{cda02,
  author = "Ciofi degli Atti, C.  and Kaptari, L.P.",
  title = "Ground-state correlations and final state interactions 
           in the process $^3$He$(e,e'pp)n$",
  journal = PRC,
  year = 2002,
  volume = 66,
  pages = 044004
}  %archive   = "http://arXiv.org/abs",
  %eprint    = "nucl-th/0203041"

@article{cda05,
  title = {Interpretation of the Processes $^{3}\mathrm{He}(e,{e}^{$'${}}p)^{2}\mathrm{H}$ and $^{3}\mathrm{He}(e,{e}^{$'${}}p)(pn)$ at High Missing Momenta},
  author = {Ciofi degli Atti, C. and Kaptari, L. P.},
  journal = {Phys. Rev. Lett.},
  volume = {95},
  issue = {5},
  pages = {052502},
  numpages = {4},
  year = {2005},
  month = {Jul},
  doi = {10.1103/PhysRevLett.95.052502},
  publisher = {American Physical Society}
}

@misc{cdapc,
  author = "Ciofi degli Atti, C.",
  title = "Private communication"
}

@misc{kaptaripc,
  author = "Leonid Kaptari",
  title = "Private communication"
}


@article{carlson02,
  author = "Carlson, J. and Jourdan, J.  and Schiavilla, R. and Sick, I.",
  title = "Longitudinal and Transverse Quasi-Elastic Response Functions of 
           Light Nuclei",
  journal = PRC,
  year = 2002,
  volume = 65,
  pages = 024002
}%eprint = "nucl-th/0106047"


@article{florizone99,
  author = "Florizone, R.E.J. and others",
  title = "High-precision studies of the $^3$He$(e,e'p)$ reaction at 
           the quasielastic peak",
  journal = PRL,
  year = 1999,
  volume = 83,
  pages = 2308
}

@article{glockle01,
  author = "Gl{\" o}ckle, W. and others",
  title = "Few-Nucleon Calculations and Correlations",
  journal = "Acta Phys. Polon.",
  year = 2001,
  volume = "B32",
  pages = 3053
}%eprint = "nucl-th/0109070"



@article{golak95,
  title = {Electron induced pd and ppn breakup of 3He with full inclusion of final-state interactions},
  author = {Golak, J.  and Kamada, H.  and Witala, H.  and Glockle, W.  and Ishikawa, S. },
  journal = {Phys. Rev. C},
  volume = {51},
  number = {4},
  pages = {1638--1647},
  numpages = {9},
  year = {1995},
  month = {Apr},
  doi = {10.1103/PhysRevC.51.1638},
  publisher = {American Physical Society}
}

@article{Gomes:1957zz,
      author         = "Gomes, L. C. and Walecka, J. D. and Weisskopf, V. F.",
      title          = "{Properties of nuclear matter}",
      journal        = "Annals Phys.",
      volume         = "3",
      year           = "1958",
      pages          = "241-274",
      doi            = "10.1016/0003-4916(58)90019-8",
      SLACcitation   = "%%CITATION = APNYA,3,241;%%"
}

@article{groep99,
  author = "Groep, D.L. and others",
  title = "Investigation of the exclusive $^3$He$(e,e'pp)n$ reaction",
  journal = PRL,
  year = 1999,
  volume = 83,
  pages = 5443
}

@article{groep00,
  author = "Groep, D.L. and others",
  title = "Investigation of the exclusive $^3$He$(e,e'pp)n$ reaction",
  journal = PRC,
  year = 2000,
  volume = 63,
  pages = 014005
}

@inproceedings{e89044,
  author = "Higinbotham, D.",
  pages = 291,
  editor = "Fujiwara, M. and Shima, T.",
  title = "Proceedings of the International Symposium on
Electromagnetic Interactions in Nuclear and Hadronic Physics, 2001",
  booktitle = "Proceedings of the International Symposium on
Electromagnetic Interactions in Nuclear and Hadronic Physics",
  publisher = "World Scientific",
  year = 2002
}

@article{huber00,
  author = "Huber, G.M. and others",
  title = "Probing the $\Delta NN$ component of $^3$He",
  journal = PRC,
  year = 2000,
  volume =  62,
  pages = 044001
}

@article{jans82,
  author = "Jans, E. and others",
  title = "Quasifree $(e,e'p)$ Reaction on $^3$He",
  journal = PRL,
  year = 1982,
  volume = 49,
  pages = 974
}

@article{laget87,
  author = "J.-M. Laget",
  title = "Role of correlations in the $^3$He$(e,e'2p)n$ reaction",
  journal = PRC,
  volume = 35,
  pages = 832,
  year = 1987
}

@article{laget88,
  author = "J.-M. Laget", 
  journal = "J. Phys. G",
  volume = 14,
  pages = 1445,
  year = 1988
}


@misc{laget03,
  author = "Laget, J.-M.",
  journal = "Few Body Systems Suppl.",
  volume = 15,
  pages = 171,
  year = 2003,
  title = "Photo and Electrodisintegration of Few Body Systems Revisited"
}  %archive   = "http://arXiv.org/abs",
  %eprint    = "nucl-th/0303052"


 @Article{laget05,
     author    = "Laget, J.-M.",
     title     = "{The electro-disintegration of few body systems
                  revisited}",
     journal   = "Phys. Lett.",
     volume    = "B609",
     year      = "2005",
     pages     = "49-56",
}     %eprint    = "nucl-th/0407072",
     %archivePrefix = "arXiv",
%     doi       = "10.1016/j.physletb.2005.01.046",
%    SLACcitation  = "%%CITATION = NUCL-TH/0407072;%%"


@article{lehmann97,
  author = "Lehmann, A. and others",
  title = "Pion absorption on $^3$He and $^4$He with emission of three 
            energetic protons",
  journal = PRC,
  year = 1997,
  volume = 55,
  pages = 2931
}

@article{marchand88,
  author = "Marchand, C. and others",
  title = "High proton momenta and nucleon-nucleon correlations in the 
           reaction $^3$He$(e,e'p)$",
  journal = PRL,
  year = 1988,
  volume = 60,
  pages = 1703
}

@article{MAID,
  author = "Drechsel, D. and Hanstein, O. and Kamalov, S.S. and Tiator, L.",
  journal = NP,
  volume = "A645",
  pages = 145,
  year = 1999
}  %url = "http://www.kph.uni-mainz.de/MAID/maid2000/maid2000.html"

@article{MELNITCHOUK199611,
title = "Neutron proton structure function ratio at large x",
journal = "Physics Letters B",
volume = "377",
number = "1",
pages = "11 - 17",
year = "1996",
note = "",
issn = "0370-2693",
doi = "http://dx.doi.org/10.1016/0370-2693(96)00292-4",
author = "W. Melnitchouk and A.W. Thomas",
keywords = "Deuteron",
keywords = "Neutron",
keywords = "Off-shell",
keywords = "Binding",
keywords = "SU(6) symmetry breaking",
keywords = "Perturbative QCD"
}

@misc{misakpc,
  author = "Sargsian, M.",
  title = "Private communication"
}

@misc{reypc,
  author = "Cruz Torres, R.",
  title = "Private communication",
  year = 2016
}

@article{niyazov03, 
  author = "Niyazov, R. and others", 
  title = "Two-Nucleon Momentum Distributions Measured in 3He(e,e'pp)n",
  collaboration = {CLAS Collaboration},
  journal = PRL,
  volume = 92,   
  pages = 052303, 
  year =2004
}%archive = "http://arXiv.org/abs",
%eprint  ="nucl-ex/0308013",
%  doi = {10.1103/PhysRevLett.92.052303}



@article{nogga00,
  author = "Nogga, A. and Kamada, H. and Gl{\" o}ckle, W.",
  title = "Solution of the Faddeev-Yakubovsky equations using 
                realistic NN and 3N interaction",
  journal = NP,
  volume = "A689" ,
  pages = 357,
  year = 2001
}  %archive   = "http://arXiv.org/abs",
  %eprint    = "nucl-th/0010005"


@article{oset96,
  author = "Oset, E.  and Ramos, A.",
  title = "Two and three nucleon induced photon absorption",
  journal = PRC,
  year = 1996,
  volume = 53,
  pages = 305
}

@article{pdg-phasespace,
  author = "Hagiwara, K. and others",
  title = "Review of Particle Physics",
  journal = PRD,
  year = 2002,
  volume = 66,
  pages = 010001
}

@article{pieper01,
author = {Pieper, Steven C. and Wiringa, R. B.},
title = {QUANTUM MONTE CARLO CALCULATIONS OF LIGHT NUCLEI1},
journal = {Annual Review of Nuclear and Particle Science},
volume = {51},
number = {1},
pages = {53},
year = {2001}
}

@article{Roberts:2013mja,
      author         = "Roberts, Craig D. and Holt, Roy J. and Schmidt, Sebastian
                        M.",
      title          = "{Nucleon spin structure at very high-x}",
      journal        = "Phys. Lett.",
      volume         = "B727",
      year           = "2013",
      pages          = "249-254",
      doi            = "10.1016/j.physletb.2013.09.038",
      eprint         = "1308.1236",
      archivePrefix  = "arXiv",
      primaryClass   = "nucl-th",
      SLACcitation   = "%%CITATION = ARXIV:1308.1236;%%"
}

@inproceedings{Holt:2013pja,
      author         = "Holt, Roy J.",
      title          = "{Large x physics: recent results and future plans}",
      booktitle      = "{Proceedings, 43rd International Symposium on
                        Multiparticle Dynamics (ISMD 13)}",
      year           = "2013",
      eprint         = "1311.1527",
      archivePrefix  = "arXiv",
      primaryClass   = "nucl-ex",
      SLACcitation   = "%%CITATION = ARXIV:1311.1527;%%"
}

@article{sandorfi96,
  author = "Sandorfi, A.M. and Leidemann, W.",
  title = "Signature of diprotons in $^3$He$(\vec \gamma, pp)n$",
  journal = PRC,
  year = 1996,
  volume = 53,
  pages = 1506
}


@Article{sargsian05,
  title = {Exclusive electrodisintegration of $He3$ at high $Q2$. II. Decay function formalism},
  author = {Sargsian, M. M. and Abrahamyan, T. V. and Strikman, M. I. and Frankfurt, L. L.},
  journal = {Phys. Rev. C},
  volume = {71},
  number = {4},
  pages = {044615},
  numpages = {24},
  year = {2005},
  month = {Apr},
  doi = {10.1103/PhysRevC.71.044615},
  publisher = {American Physical Society}
}

@article{Sargsian:2012sm,
      author         = "Sargsian, Misak M.",
      title          = "{New properties of the high-momentum distribution of
                        nucleons in asymmetric nuclei}",
      journal        = "Phys. Rev.",
      volume         = "C89",
      year           = "2014",
      number         = "3",
      pages          = "034305",
      doi            = "10.1103/PhysRevC.89.034305",
      eprint         = "1210.3280",
      archivePrefix  = "arXiv",
      primaryClass   = "nucl-th",
      reportNumber   = "NUPAR-11-2012",
      SLACcitation   = "%%CITATION = ARXIV:1210.3280;%%"
}

@article{Sargsian:2013gea,
      author         = "Sargsian, Misak M.",
      title          = "{Protons in High Density Neutron Matter}",
      booktitle      = "{Proceedings, 2nd International Symposium on the Modern
                        Physics of Compact Stars and Relativistic Gravity:
                        Yerevan, Armenia, September 18-21, 2013}",
      journal        = "J. Phys. Conf. Ser.",
      volume         = "496",
      year           = "2014",
      pages          = "012007",
      doi            = "10.1088/1742-6596/496/1/012007",
      eprint         = "1312.2263",
      archivePrefix  = "arXiv",
      primaryClass   = "nucl-th",
      reportNumber   = "FIU-NUPAR-12-2013-1",
      SLACcitation   = "%%CITATION = ARXIV:1312.2263;%%"
}

@article{sarty93,
  author = "Sarty, A.J. and others",
  title = "Measurement of the reaction $^3$He$(\gamma, pp)n$ and its 
           relation to three-body forces",
  journal = PRC,
  year = 1993,
  volume = 47,
  pages = 459
}

@article{schadow01,
  author = "Schadow, W.  and Nohadani, O. and  Sandhas, W.",
  title = "Photonuclear reactions of three-nucleon systems",
  journal = PRC,
  year = 2001,
  volume = 63,
  pages = 044006
}

@misc{spaltro02,
  author = "Spaltro, C.M. and others",
  title = "The $^3$He$(e,e'd)p$ reaction in $(q,\omega)$-constant kinematics",
  archive   = "http://arXiv.org/abs",
  eprint = "nucl-ex/0201011"
}

@article{spaltro98,
  author = "Spaltro, C.M. and others",
  title = "$q$ and $p_m$ dependence of the $^3$He$(e,e'd)p$ reaction",
  journal = PRL,
  year = 1998,
  volume = 81,
  pages = 2870}

@article{tkachenko14,
  title = {Measurement of the structure function of the nearly free neutron using spectator tagging in inelastic $^{2}\mathrm{H}$($e$,${e}^{\ensuremath{'}}{p}_{s}$)$X$ scattering with CLAS},
  author = {Tkachenko, S. and others},
  collaboration = {CLAS Collaboration},
  journal = {Phys. Rev. C},
  volume = {89},
  issue = {4},
  pages = {045206},
  numpages = {25},
  year = {2014},
  month = {Apr},
  publisher = {American Physical Society},
  doi = {10.1103/PhysRevC.89.045206},
}


@article{tripp96,
  author = "Tripp, C. and others",
  title = "Observation of isovector-isoscalar two-body currents in 
                    deuteron knockout from $^$He", 
  journal = PRL,
  year = 1996,
  volume = 76,
  pages = 885
}

@article{veerasamy11,
  title = {Momentum-space Argonne V18 interaction},
  author = {Veerasamy, S. and Polyzou, W. N.},
  journal = {Phys. Rev. C},
  volume = {84},
  issue = {3},
  pages = {034003},
  numpages = {19},
  year = {2011}
}


@article{viviani00,
  author = "Viviani, M. and others",
  title = "Photodisintegration and electrodisintegration of $^3$He at 
           threshold and $pd$ radiative capture",
  journal = PRC,
  year = 2000,
  volume = 61,
  pages = 064001
}

@article{wendt11,
  title = {Decoupling of spurious deeply bound states with the similarity renormalization group},
  author = {Wendt, K. A. and Furnstahl, R. J. and Perry, R. J.},
  journal = {Phys. Rev. C},
  volume = {83},
  issue = {3},
  pages = {034005},
  numpages = {10},
  year = {2011},
  month = {Mar},
  publisher = {American Physical Society},
  doi = {10.1103/PhysRevC.83.034005},
}

@article{wilhelm95,
  author = "Wilhelm, P. and Arenh{\" o}vel, H.  and  Niskanen, J.A.",
  title = "Comment on 'Total cross section for photon absorption
           by two protons in $^3$He",
  journal = PRL,
  year = 1995,
  volume = 74,
  pages = 1034
}

 

@article{wiringa08,
  author = "Wiringa, R.B. and Schiavilla, R., and Pieper, Steven C. and Carlson, J.",
  title = "Dependence of two-nucleon momentum densities on total pair momentum",
  year  = 2008,
  journal = PRC,
  volume = 78,
  pages = 021001
}%archive   = "http://arXiv.org/abs",
%eprint    = "nucl-th/0806.1718"

 
@misc{wiringapc,
  author = "Wiringa, R.",
  title = "Private communication"
}


@article{Hu:2010sx,
      author         = "Hu, Hui and Liu, Xia-Ji and Drummond, Peter D.",
      title          = "{Universal contact of strongly interacting fermions at
                        finite temperatures}",
      journal        = "New J.Phys.",
      volume         = "13",
      pages          = "035007",
      doi            = "10.1088/1367-2630/13/3/035007",
      year           = "2011",
      eprint         = "1011.3845",
      archivePrefix  = "arXiv",
      primaryClass   = "cond-mat.quant-gas",
      SLACcitation   = "%%CITATION = ARXIV:1011.3845;%%",
}
 	
@article{zinner08,
  author={N T Zinner and A S Jensen},
  title={Common concepts in nuclear physics and ultracold atomic gasses},
  journal={Journal of Physics: Conference Series},
  volume={111},
  number={1},
  pages={012016},
  year={2008}
}
  	
@article{zinner13,
  author={N T Zinner and A S Jensen},
  title={Comparing and contrasting nuclei and cold atomic gases},
  journal={Journal of Physics G: Nuclear and Particle Physics},
  volume={40},
  number={5},
  pages={053101},
  year={2013}
}

%%%%%%%%%%%%%%%%%%%%%%%%%%%%%%%%%%%%%%%%%%%%%%
%%%%%%% GAM Refs %%%%%%%%%%%
%%%%%%%%%%%%%%%%%%%%%%%
@article{Ericson:1984vt,
      author         = "Ericson, Magda and Thomas, Anthony William",
      title          = "{Evidence for an Enhanced Nuclear Sea From the Proton -
                        Nucleus {Drell-Yan} Process}",
      journal        = "Phys. Lett.",
      volume         = "B148",
      year           = "1984",
      pages          = "191-193",
      doi            = "10.1016/0370-2693(84)91636-8",
      reportNumber   = "CERN-TH-3963/84",
      SLACcitation   = "%%CITATION = PHLTA,B148,191;%%"
}

@article{Bickerstaff:1985ax,
      author         = "Bickerstaff, R. P. and Birse, M. C. and Miller, G. A.",
      title          = "{DISENTANGLING EXPLANATIONS OF DEEP INELASTIC LEPTON
                        NUCLEUS SCATTERING BY LEPTON PAIR PRODUCTION}",
      journal        = "Phys. Rev. Lett.",
      volume         = "53",
      year           = "1984",
      pages          = "2532-2535",
      doi            = "10.1103/PhysRevLett.53.2532",
      SLACcitation   = "%%CITATION = PRLTA,53,2532;%%"
}
@article{Bickerstaff:1985da,
      author         = "Bickerstaff, R. P. and Birse, M. C. and Miller, G. A.",
      title          = "{PARTONS IN NUCLEI}",
      journal        = "Phys. Rev.",
      volume         = "D33",
      year           = "1986",
      pages          = "3228-3245",
      doi            = "10.1103/PhysRevD.33.3228",
      SLACcitation   = "%%CITATION = PHRVA,D33,3228;%%"
}
@article{Alde:1990im,
      author         = "Alde, D. M. and others",
      title          = "{Nuclear dependence of dimuon production at 800-GeV.
                        FNAL-772 experiment}",
      journal        = "Phys. Rev. Lett.",
      volume         = "64",
      year           = "1990",
      pages          = "2479-2482",
      doi            = "10.1103/PhysRevLett.64.2479",
      SLACcitation   = "%%CITATION = PRLTA,64,2479;%%"
}
@article{Anastasio:1984gy,
      author         = "Anastasio, M. R. and Celenza, L. S. and Pong, W. S. and
                        Shakin, C. M.",
      title          = "{RELATIVISTIC NUCLEAR STRUCTURE PHYSICS}",
      journal        = "Phys. Rept.",
      volume         = "100",
      year           = "1983",
      pages          = "327-401",
      doi            = "10.1016/0370-1573(83)90060-1",
      SLACcitation   = "%%CITATION = PRPLC,100,327;%%"
}
@article{Brockmann:1984qg,
      author         = "Brockmann, R. and Machleidt, R.",
      title          = "{NUCLEAR SATURATION IN A RELATIVISTIC
                        BRUCKNER-HARTREE-FOCK APPROACH}",
      journal        = "Phys. Lett.",
      volume         = "B149",
      year           = "1984",
      pages          = "283",
      doi            = "10.1016/0370-2693(84)90407-6",
      SLACcitation   = "%%CITATION = PHLTA,B149,283;%%"
}
@article{Miller:1999ap,
      author         = "Miller, G. A. and Machleidt, R.",
      title          = "{Infinite nuclear matter on the light front:
                        Nucleon-nucleon correlations}",
      journal        = "Phys. Rev.",
      volume         = "C60",
      year           = "1999",
      pages          = "035202",
      doi            = "10.1103/PhysRevC.60.035202",
      eprint         = "nucl-th/9903080",
      archivePrefix  = "arXiv",
      primaryClass   = "nucl-th",
      reportNumber   = "NT-UW-99-9",
      SLACcitation   = "%%CITATION = NUCL-TH/9903080;%%"
}
@article{Miller:2000kv,
      author         = "Miller, Gerald A.",
      title          = "{Light front quantization: A Technique for relativistic
                        and realistic nuclear physics}",
      journal        = "Prog. Part. Nucl. Phys.",
      volume         = "45",
      year           = "2000",
      pages          = "83-155",
      doi            = "10.1016/S0146-6410(00)00103-4",
      eprint         = "nucl-th/0002059",
      archivePrefix  = "arXiv",
      primaryClass   = "nucl-th",
      reportNumber   = "NT-UW-00-04, NT@UW-00-04",
      SLACcitation   = "%%CITATION = NUCL-TH/0002059;%%"
}
@article{Bedaque:2002mn,
      author         = "Bedaque, Paulo F. and van Kolck, Ubirajara",
      title          = "{Effective field theory for few nucleon systems}",
      journal        = "Ann. Rev. Nucl. Part. Sci.",
      volume         = "52",
      year           = "2002",
      pages          = "339-396",
      doi            = "10.1146/annurev.nucl.52.050102.090637",
      eprint         = "nucl-th/0203055",
      archivePrefix  = "arXiv",
      primaryClass   = "nucl-th",
      SLACcitation   = "%%CITATION = NUCL-TH/0203055;%%"
}
@article{Bertsch:1993vx,
      author         = "Bertsch, G. F. and Frankfurt, L. and Strikman, M.",
      title          = "{Where are the nuclear pions?}",
      journal        = "Science",
      volume         = "259",
      year           = "1993",
      pages          = "773-774",
      doi            = "10.1126/science.259.5096.773",
      SLACcitation   = "%%CITATION = SCIEA,259,773;%%"
}

@article{Bogner:2009bt,
      author         = "Bogner, S. K. and Furnstahl, R. J. and Schwenk, A.",
      title          = "{From low-momentum interactions to nuclear structure}",
      journal        = "Prog. Part. Nucl. Phys.",
      volume         = "65",
      year           = "2010",
      pages          = "94-147",
      doi            = "10.1016/j.ppnp.2010.03.001",
      eprint         = "0912.3688",
      archivePrefix  = "arXiv",
      primaryClass   = "nucl-th",
      SLACcitation   = "%%CITATION = ARXIV:0912.3688;%%"
}
@book{Brown,
author ={G. E. Brown},
title={Unified Theory of  Nuclear Models and Forces},
publisher={North-Holland Publishing Company},
year=1967,
address={Amsterdam},
 }
@book{Thomas:2001kw,
      author         = "Thomas, Anthony William and Weise, Wolfram",
      title          = "{The Structure of the Nucleon}",
      journal        = "Berlin, Germany: Wiley-VCH (2001) 389 p",
      year           = "2001",
      SLACcitation   = "%%CITATION = INSPIRE-559956;%%"
}
@book{Close:1979bt,
      author         = "Close, F. E.",
      title          = "{An Introduction to Quarks and Partons}",
     publisher        = "Academic Press",
     address="London",
      year           = "1979",
      reportNumber   = "ISBN-9780121751524",
      SLACcitation   = "%%CITATION = ISBN-9780121751524;%%"
}
@book{Halzen:1984mc,
      author         = "Halzen, F. and Martin, Alan D.",
      title          = "{QUARKS AND LEPTONS: AN INTRODUCTORY COURSE IN MODERN
                        PARTICLE PHYSICS}",
     publisher        = "Wiley ",
      year           = "1984",
      address={New York},
      reportNumber   = "ISBN-9780471887416",
      ISBN           = "0471887412, 9780471887416",
      SLACcitation   = "%%CITATION = ISBN-9780471887416;%%"
}
@book{Roberts:1990ww,
      author         = "Roberts, R. G.",
      title          = "{The Structure of the proton: Deep inelastic scattering}",
      publisher      = "Cambridge University Press",
      year           = "1994",
      ISBN           = "9780521449441, 9781139242448",
      SLACcitation   = "%%CITATION = INSPIRE-307694;%%"
}
@article{Agashe:2014kda,
      author         = "Olive, K. A. and others",
      title          = "{Review of Particle Physics}",
      collaboration  = "Particle Data Group",
      journal        = "Chin. Phys.",
      volume         = "C38",
      year           = "2014",
      pages          = "090001",
      doi            = "10.1088/1674-1137/38/9/090001",
      SLACcitation   = "%%CITATION = CHPHD,C38,090001;%%"
}
@article{Ball:2012cx,
      author         = "Ball, Richard D. and others",
      title          = "{Parton distributions with LHC data}",
      journal        = "Nucl. Phys.",
      volume         = "B867",
      year           = "2013",
      pages          = "244-289",
      doi            = "10.1016/j.nuclphysb.2012.10.003",
      eprint         = "1207.1303",
      archivePrefix  = "arXiv",
      primaryClass   = "hep-ph",
      reportNumber   = "EDINBURGH-2012-08, IFUM-FT-997, FR-PHENO-2012-014,
                        RWTH-TTK-12-25, CERN-PH-TH-2012-037, SFB-CPP-12-47",
      SLACcitation   = "%%CITATION = ARXIV:1207.1303;%%"
}
@article{Martin:2009iq,
      author         = "Martin, A. D. and Stirling, W. J. and Thorne, R. S. and
                        Watt, G.",
      title          = "{Parton distributions for the LHC}",
      journal        = "Eur. Phys. J.",
      volume         = "C63",
      year           = "2009",
      pages          = "189-285",
      doi            = "10.1140/epjc/s10052-009-1072-5",
      eprint         = "0901.0002",
      archivePrefix  = "arXiv",
      primaryClass   = "hep-ph",
      reportNumber   = "IPPP-08-95, DCPT-08-190, CAVENDISH-HEP-08-16",
      SLACcitation   = "%%CITATION = ARXIV:0901.0002;%%"
}
@article{Beringer:1900zz,
      author         = "Beringer, J. and others",
      title          = "{Review of Particle Physics (RPP)}",
      collaboration  = "Particle Data Group",
      journal        = "Phys. Rev.",
      volume         = "D86",
      year           = "2012",
      pages          = "010001",
      doi            = "10.1103/PhysRevD.86.010001",
      reportNumber   = "SLAC-REPRINT-2014-001",
      SLACcitation   = "%%CITATION = PHRVA,D86,010001;%%"
}
@inproceedings{Miller:1988hj,
      author         = "Miller, Gerald A.",
      title          = "{NUCLEAR WAVE FUNCTIONS IN DEEP INELASTIC SCATTERING AND
                        DRELL-YAN PROCESSES}",
      booktitle      = "{Workshop on Nuclear and Particle Physics on the Light
                        Cone Los Alamos, New Mexico, July 18-22, 1988}",
      year           = "1988",
      pages          = "0042-64",
      reportNumber   = "DOE-ER-40427-28-N8",
      SLACcitation   = "%%CITATION = DOE-ER-40427-28-N8;%%"
}
@article{Miller:2001tg,
      author         = "Miller, Gerald A. and Smith, Jason Robert",
      title          = "{Return of the EMC effect}",
      journal        = "Phys. Rev.",
      volume         = "C65",
      year           = "2002",
      pages          = "015211",
      doi            = "10.1103/PhysRevC.66.049903, 10.1103/PhysRevC.65.015211",
      note           = "[Erratum: Phys. Rev.C66,049903(2002)]",
      eprint         = "nucl-th/0107026",
      archivePrefix  = "arXiv",
      primaryClass   = "nucl-th",
      reportNumber   = "NT-UW-01-14, NT@UW-01-14",
      SLACcitation   = "%%CITATION = NUCL-TH/0107026;%%"
}
@article{Smith:2002ci,
      author         = "Smith, Jason Robert and Miller, Gerald A.",
      title          = "{Return of the EMC effect: Finite nuclei}",
      journal        = "Phys. Rev.",
      volume         = "C65",
      year           = "2002",
      pages          = "055206",
      doi            = "10.1103/PhysRevC.65.055206",
      eprint         = "nucl-th/0202016",
      archivePrefix  = "arXiv",
      primaryClass   = "nucl-th",
      reportNumber   = "NT-UW-02-001",
      SLACcitation   = "%%CITATION = NUCL-TH/0202016;%%"
}
@article{Arneodo:1992wf,
      author         = "Arneodo, Michele",
      title          = "{Nuclear effects in structure functions}",
      journal        = "Phys. Rept.",
      volume         = "240",
      year           = "1994",
      pages          = "301-393",
      doi            = "10.1016/0370-1573(94)90048-5",
      reportNumber   = "CERN-PPE-92-113",
      SLACcitation   = "%%CITATION = PRPLC,240,301;%%"
}
@article{Piller:1999wx,
      author         = "Piller, Gunther and Weise, Wolfram",
      title          = "{Nuclear deep inelastic lepton scattering and coherence
                        phenomena}",
      journal        = "Phys. Rept.",
      volume         = "330",
      year           = "2000",
      pages          = "1-94",
      doi            = "10.1016/S0370-1573(99)00107-6",
      eprint         = "hep-ph/9908230",
      archivePrefix  = "arXiv",
      primaryClass   = "hep-ph",
      reportNumber   = "TUM-T39-99-11",
      SLACcitation   = "%%CITATION = HEP-PH/9908230;%%"
}
@article{Kulagin:2014vsa,
      author         = "Kulagin, S. A. and Petti, R.",
      title          = "{Nuclear parton distributions and the Drell-Yan process}",
      journal        = "Phys. Rev.",
      volume         = "C90",
      year           = "2014",
      number         = "4",
      pages          = "045204",
      doi            = "10.1103/PhysRevC.90.045204",
      eprint         = "1405.2529",
      archivePrefix  = "arXiv",
      primaryClass   = "hep-ph",
      reportNumber   = "INR-TH-2014-004, CETUP2014-002",
      SLACcitation   = "%%CITATION = ARXIV:1405.2529;%%"
}
@article{Guichon:1987jp,
      author         = "Guichon, Pierre A. M.",
      title          = "{A Possible Quark Mechanism for the Saturation of Nuclear
                        Matter}",
      journal        = "Phys. Lett.",
      volume         = "B200",
      year           = "1988",
      pages          = "235-240",
      doi            = "10.1016/0370-2693(88)90762-9",
      reportNumber   = "LYCEN-8762",
      SLACcitation   = "%%CITATION = PHLTA,B200,235;%%"
}
@article{Guichon:1995ue,
      author         = "Guichon, Pierre A. M. and Saito, Koichi and Rodionov,
                        Evgenii N. and Thomas, Anthony William",
      title          = "{The Role of nucleon structure in finite nuclei}",
      journal        = "Nucl. Phys.",
      volume         = "A601",
      year           = "1996",
      pages          = "349-379",
      doi            = "10.1016/0375-9474(96)00033-4",
      eprint         = "nucl-th/9509034",
      archivePrefix  = "arXiv",
      primaryClass   = "nucl-th",
      reportNumber   = "ADP-95-45-T-194, DAPNIA-SPHN-95-51",
      SLACcitation   = "%%CITATION = NUCL-TH/9509034;%%"
}
@article{Stone:2016qmi,
      author         = "Stone, J. R. and Guichon, P. A. M. and Reinhard, P. G.
                        and Thomas, A. W.",
      title          = "{Finite Nuclei in the Quark-Meson Coupling Model}",
      journal        = "Phys. Rev. Lett.",
      volume         = "116",
      year           = "2016",
      number         = "9",
      pages          = "092501",
      doi            = "10.1103/PhysRevLett.116.092501",
      eprint         = "1601.08131",
      archivePrefix  = "arXiv",
      primaryClass   = "nucl-th",
      reportNumber   = "ADP-16-7-T962",
      SLACcitation   = "%%CITATION = ARXIV:1601.08131;%%"
}
@article{Blunden:1996kc,
      author         = "Blunden, Peter G. and Miller, Gerald A.",
      title          = "{Quark - meson coupling model for finite nuclei}",
      journal        = "Phys. Rev.",
      volume         = "C54",
      year           = "1996",
      pages          = "359-370",
      doi            = "10.1103/PhysRevC.54.359",
      eprint         = "nucl-th/9602031",
      archivePrefix  = "arXiv",
      primaryClass   = "nucl-th",
      reportNumber   = "DOE-ER-40427-04-N96, DE-FG06-88",
      SLACcitation   = "%%CITATION = NUCL-TH/9602031;%%"
}

  @article{Cloet:2015tha,
      author         = "Cloet, Ian C. and Bentz, Wolfgang and Thomas, Anthony
                        W.",
      title          = "{Relativistic and Nuclear Medium Effects on the Coulomb
                        Sum Rule}",
      journal        = "Phys. Rev. Lett.",
      volume         = "116",
      year           = "2016",
      number         = "3",
      pages          = "032701",
      doi            = "10.1103/PhysRevLett.116.032701",
      eprint         = "1506.05875",
      archivePrefix  = "arXiv",
      primaryClass   = "nucl-th",
      SLACcitation   = "%%CITATION = ARXIV:1506.05875;%%"
}
@article{Smith:2003hu,
      author         = "Smith, Jason Robert and Miller, Gerald A.",
      title          = "{Chiral solitons in nuclei: Saturation, EMC effect and
                        Drell-Yan experiments}",
      journal        = "Phys. Rev. Lett.",
      volume         = "91",
      year           = "2003",
      pages          = "212301",
      doi            = "10.1103/PhysRevLett.91.212301,
                        10.1103/PhysRevLett.98.099902",
      note           = "[Erratum: Phys. Rev. Lett.98,099902(2007)]",
      eprint         = "nucl-th/0308048",
      archivePrefix  = "arXiv",
      primaryClass   = "nucl-th",
      reportNumber   = "NT-UW-03-015",
      SLACcitation   = "%%CITATION = NUCL-TH/0308048;%%"
}
@article{Smith:2004dn,
      author         = "Smith, Jason Robert and Miller, Gerald A.",
      title          = "{Chiral solitons in nuclei: Electromagnetic
                        form-factors}",
      journal        = "Phys. Rev.",
      volume         = "C70",
      year           = "2004",
      pages          = "065205",
      doi            = "10.1103/PhysRevC.70.065205",
      eprint         = "nucl-th/0407093",
      archivePrefix  = "arXiv",
      primaryClass   = "nucl-th",
      reportNumber   = "NT-UW-04-012",
      SLACcitation   = "%%CITATION = NUCL-TH/0407093;%%"
}
@article{Smith:2005ra,
      author         = "Smith, Jason Robert and Miller, Gerald A.",
      title          = "{Polarized quark distributions in nuclear matter}",
      journal        = "Phys. Rev.",
      volume         = "C72",
      year           = "2005",
      pages          = "022203",
      doi            = "10.1103/PhysRevC.72.022203",
      eprint         = "nucl-th/0505048",
      archivePrefix  = "arXiv",
      primaryClass   = "nucl-th",
      reportNumber   = "NT-UW-05-02",
      SLACcitation   = "%%CITATION = NUCL-TH/0505048;%%"
}
@article{Diakonov:1996sr,
      author         = "Diakonov, Dmitri and Petrov, V. and Pobylitsa, P. and
                        Polyakov, Maxim V. and Weiss, C.",
      title          = "{Nucleon parton distributions at low normalization point
                        in the large N(c) limit}",
      journal        = "Nucl. Phys.",
      volume         = "B480",
      year           = "1996",
      pages          = "341-380",
      doi            = "10.1016/S0550-3213(96)00486-5",
      eprint         = "hep-ph/9606314",
      archivePrefix  = "arXiv",
      primaryClass   = "hep-ph",
      reportNumber   = "RUB-TPII-9-96",
      SLACcitation   = "%%CITATION = HEP-PH/9606314;%%"
}
@article{Frankfurt:1985cv,
      author         = "Frankfurt, L. L. and Strikman, M. I.",
      title          = "{Point-like CONFIGURATIONS IN HADRONS AND NUCLEI AND
                        DEEP INELASTIC REACTIONS WITH LEPTONS: EMC AND EMC LIKE
                        EFFECTS}",
      journal        = "Nucl. Phys.",
      volume         = "B250",
      year           = "1985",
      pages          = "143-176",
      doi            = "10.1016/0550-3213(85)90477-8",
      SLACcitation   = "%%CITATION = NUPHA,B250,143;%%"
}
@article{Frank:1995pv,
      author         = "Frank, M. R. and Jennings, B. K. and Miller, G. A.",
      title          = "{The Role of color neutrality in nuclear physics:
                        Modifications of nucleonic wave functions}",
      journal        = "Phys. Rev.",
      volume         = "C54",
      year           = "1996",
      pages          = "920-935",
      doi            = "10.1103/PhysRevC.54.920",
      eprint         = "nucl-th/9509030",
      archivePrefix  = "arXiv",
      primaryClass   = "nucl-th",
      reportNumber   = "DOE-ER-40561-217, INT-95-00-99, DOE-ER-40427-15-N95",
      SLACcitation   = "%%CITATION = NUCL-TH/9509030;%%"
}

@article{Cloet:2005rt,
      author         = "Cloet, I. C. and Bentz, Wolfgang and Thomas, Anthony
                        William",
      title          = "{Spin-dependent structure functions in nuclear matter and
                        the polarized EMC effect}",
      journal        = "Phys. Rev. Lett.",
      volume         = "95",
      year           = "2005",
      pages          = "052302",
      doi            = "10.1103/PhysRevLett.95.052302",
      eprint         = "nucl-th/0504019",
      archivePrefix  = "arXiv",
      primaryClass   = "nucl-th",
      reportNumber   = "ADP-05-06-T617, JLAB-THY-05-316",
      SLACcitation   = "%%CITATION = NUCL-TH/0504019;%%"
}
@article{Negele:1998ev,
      author         = "Negele, John W.",
      title          = "{Instantons, the QCD vacuum, and hadronic physics}",
      booktitle      = "{Lattice Field Theory. Proceedings: 16th International
                        Symposium, Lattice '98, Boulder, USA, Jul 13-18, 1998}",
      journal        = "Nucl. Phys. Proc. Suppl.",
      volume         = "73",
      year           = "1999",
      pages          = "92-104",
      doi            = "10.1016/S0920-5632(99)85010-5",
      eprint         = "hep-lat/9810053",
      archivePrefix  = "arXiv",
      primaryClass   = "hep-lat",
      SLACcitation   = "%%CITATION = HEP-LAT/9810053;%%"
}
@phdthesis{Schlumpf:1992ce,
      author         = "Schlumpf, Felix",
      title          = "{Relativistic constituent quark model for baryons}",
      school         = "Zurich U.",
      year           = "1992",
      eprint         = "hep-ph/9211255",
      archivePrefix  = "arXiv",
      primaryClass   = "hep-ph",
      reportNumber   = "RX-1421 (ZURICH)",
      SLACcitation   = "%%CITATION = HEP-PH/9211255;%%"
}
@article{Schlumpf:1992vq,
      author         = "Schlumpf, Felix",
      title          = "{Relativistic constituent quark model of electroweak
                        properties of baryons}",
      journal        = "Phys. Rev.",
      volume         = "D47",
      year           = "1993",
      pages          = "4114",
      doi            = "10.1103/PhysRevD.49.6246, 10.1103/PhysRevD.47.4114",
      note           = "[Erratum: Phys. Rev.D49,6246(1994)]",
      eprint         = "hep-ph/9212250",
      archivePrefix  = "arXiv",
      primaryClass   = "hep-ph",
      reportNumber   = "SLAC-PUB-5998",
      SLACcitation   = "%%CITATION = HEP-PH/9212250;%%"
}


@article{Jones:1999rz,
      author         = "Jones, M. K. and others",
      title          = "{G(E(p)) / G(M(p)) ratio by polarization transfer in
                        polarized e p ---> e polarized p}",
      collaboration  = "Jefferson Lab Hall A",
      journal        = "Phys. Rev. Lett.",
      volume         = "84",
      year           = "2000",
      pages          = "1398-1402",
      doi            = "10.1103/PhysRevLett.84.1398",
      eprint         = "nucl-ex/9910005",
      archivePrefix  = "arXiv",
      primaryClass   = "nucl-ex",
      reportNumber   = "JLAB-PHY-00-71",
      SLACcitation   = "%%CITATION = NUCL-EX/9910005;%%"
}
@article{Gayou:2001qd,
      author         = "Gayou, O. and others",
      title          = "{Measurement of G(Ep) / G(Mp) in polarized-e p ---> e
                        polarized-p to Q**2 = 5.6-GeV**2}",
      collaboration  = "Jefferson Lab Hall A",
      journal        = "Phys. Rev. Lett.",
      volume         = "88",
      year           = "2002",
      pages          = "092301",
      doi            = "10.1103/PhysRevLett.88.092301",
      eprint         = "nucl-ex/0111010",
      archivePrefix  = "arXiv",
      primaryClass   = "nucl-ex",
      reportNumber   = "JLAB-PHY-01-63",
      SLACcitation   = "%%CITATION = NUCL-EX/0111010;%%"
}
@article{Punjabi:2005wq,
      author         = "Punjabi, V. and others",
      title          = "{Proton elastic form-factor ratios to Q**2 = 3.5-GeV**2
                        by polarization transfer}",
      journal        = "Phys. Rev.",
      volume         = "C71",
      year           = "2005",
      pages          = "055202",
      doi            = "10.1103/PhysRevC.71.055202, 10.1103/PhysRevC.71.069902",
      note           = "[Erratum: Phys. Rev.C71,069902(2005)]",
      eprint         = "nucl-ex/0501018",
      archivePrefix  = "arXiv",
      primaryClass   = "nucl-ex",
      reportNumber   = "JLAB-PHY-05-292",
      SLACcitation   = "%%CITATION = NUCL-EX/0501018;%%"
}

@article{Miller:2013hla,
      author         = "Miller, Gerald A.",
      title          = "{Pionic and Hidden-Color, Six-Quark Contributions to the
                        Deuteron b1 Structure Function}",
      journal        = "Phys. Rev.",
      volume         = "C89",
      year           = "2014",
      number         = "4",
      pages          = "045203",
      doi            = "10.1103/PhysRevC.89.045203",
      eprint         = "1311.4561",
      archivePrefix  = "arXiv",
      primaryClass   = "nucl-th",
      reportNumber   = "NT@UW-13-28",
      SLACcitation   = "%%CITATION = ARXIV:1311.4561;%%"
}

%%%%%%%%%%%refs added 7/12%%%%%%%%%%%%%%%
  

@article{Malace:2010ft,
      author         = "Malace, S. P. and others",
      title          = "{A precise extraction of the induced polarization in the
                        4He(e,e'p)3H reaction}",
      journal        = "Phys. Rev. Lett.",
      volume         = "106",
      year           = "2011",
      pages          = "052501",
      doi            = "10.1103/PhysRevLett.106.052501",
      eprint         = "1011.4483",
      archivePrefix  = "arXiv",
      primaryClass   = "nucl-ex",
      reportNumber   = "JLAB-PHY-10-1234",
      SLACcitation   = "%%CITATION = ARXIV:1011.4483;%%"
}

}
@article{Strauch:2002wu,
      author         = "Strauch, S. and others",
      title          = "{Polarization transfer in the He-4 (polarized-e, e-prime
                        polarized-p) H-3 reaction up to Q**2 = 2.6-(GeV/c)**2}",
      collaboration  = "Jefferson Lab E93-049",
      journal        = "Phys. Rev. Lett.",
      volume         = "91",
      year           = "2003",
      pages          = "052301",
      doi            = "10.1103/PhysRevLett.91.052301",
      eprint         = "nucl-ex/0211022",
      archivePrefix  = "arXiv",
      primaryClass   = "nucl-ex",
      reportNumber   = "JLAB-PHY-02-44",
      SLACcitation   = "%%CITATION = NUCL-EX/0211022;%%"
}

@article{Strauch:2012nra,
      author         = "Strauch, Steffen",
      title          = "{Hadron medium modifications}",
      booktitle      = "{Proceedings, Resonance Workshop at UT Austin on Hadronic
                        resonance production in heavy ion and elementary
                        collisions}",
      journal        = "EPJ Web Conf.",
      volume         = "36",
      year           = "2012",
      pages          = "00016",
      doi            = "10.1051/epjconf/20123600016",
      SLACcitation   = "%%CITATION = 00776,36,00016;%%"
}
@article{Perdrisat:2006hj,
      author         = "Perdrisat, C. F. and Punjabi, V. and Vanderhaeghen, M.",
      title          = "{Nucleon Electromagnetic Form Factors}",
      journal        = "Prog. Part. Nucl. Phys.",
      volume         = "59",
      year           = "2007",
      pages          = "694-764",
      doi            = "10.1016/j.ppnp.2007.05.001",
      eprint         = "hep-ph/0612014",
      archivePrefix  = "arXiv",
      primaryClass   = "hep-ph",
      reportNumber   = "WM-06-115, JLAB-THY-06-595",
      SLACcitation   = "%%CITATION = HEP-PH/0612014;%%"
}
@article{Akhiezer:1974em,
      author         = "Akhiezer, A. I. and Rekalo, Mikhail.P.",
      title          = "{Polarization effects in the scattering of leptons by
                        hadrons}",
      journal        = "Sov. J. Part. Nucl.",
      volume         = "4",
      year           = "1974",
      pages          = "277",
      note           = "[Fiz. Elem. Chast. Atom. Yadra4,662(1973)]",
      SLACcitation   = "%%CITATION = SJPNA,4,277;%%"
}

@article{Arnold:1980zj,
      author         = "Arnold, R. G. and Carlson, Carl E. and Gross, Franz",
      title          = "{Polarization Transfer in Elastic electron Scattering
                        from Nucleons and Deuterons}",
      journal        = "Phys. Rev.",
      volume         = "C23",
      year           = "1981",
      pages          = "363",
      doi            = "10.1103/PhysRevC.23.363",
      reportNumber   = "SLAC-PUB-2551",
      SLACcitation   = "%%CITATION = PHRVA,C23,363;%%"
}
@article{Picklesimer:1986wj,
      author         = "Picklesimer, A. and Van Orden, J. W.",
      title          = "{A Formal Framework for the Electroproduction of
                        Polarized Nucleons From Nuclei}",
      journal        = "Phys. Rev.",
      volume         = "C35",
      year           = "1987",
      pages          = "266-279",
      doi            = "10.1103/PhysRevC.35.266",
      reportNumber   = "MdDP-PP-86-090, ORO-5126-275, LA-UR-85-3745",
      SLACcitation   = "%%CITATION = PHRVA,C35,266;%%"
}
@article{Eyl:1995fk,
      author         = "Eyl, D. and others",
      title          = "{First measurement of the polarization transfer on the
                        proton in the reactions H (e (polarized), e-prime p
                        (polarized)) and D (e (polarized), e-prime p
                        (polarized))}",
      journal        = "Z. Phys.",
      volume         = "A352",
      year           = "1995",
      pages          = "211-214",
      doi            = "10.1007/BF01298910",
      SLACcitation   = "%%CITATION = ZEPYA,A352,211;%%"
}

@article{Milbrath:1997de,
      author         = "Milbrath, B. D. and others",
      title          = "{A Comparison of polarization observables in electron
                        scattering from the proton and deuteron}",
      collaboration  = "Bates FPP",
      journal        = "Phys. Rev. Lett.",
      volume         = "80",
      year           = "1998",
      pages          = "452-455",
      doi            = "10.1103/PhysRevLett.80.452, 10.1103/PhysRevLett.82.2221",
      note           = "[Erratum: Phys. Rev. Lett.82,2221(1999)]",
      eprint         = "nucl-ex/9712006",
      archivePrefix  = "arXiv",
      primaryClass   = "nucl-ex",
      SLACcitation   = "%%CITATION = NUCL-EX/9712006;%%"
}
@article{Barkhuff:1999xc,
      author         = "Barkhuff, D. H. and others",
      title          = "{Measurement of recoil proton polarizations in the
                        electrodisintegration of deuterium by polarized
                        electrons}",
      journal        = "Phys. Lett.",
      volume         = "B470",
      year           = "1999",
      pages          = "39-44",
      doi            = "10.1016/S0370-2693(99)01294-0",
      SLACcitation   = "%%CITATION = PHLTA,B470,39;%%"
}
@article{Hu:2006fy,
      author         = "Hu, B. and others",
      title          = "{Polarization transfer in the H-2(polarized-e, e-prime
                        polarized-p) n reaction up to Q**2 = 1.61-(GeV/c)**2}",
      journal        = "Phys. Rev.",
      volume         = "C73",
      year           = "2006",
      pages          = "064004",
      doi            = "10.1103/PhysRevC.73.064004",
      eprint         = "nucl-ex/0601025",
      archivePrefix  = "arXiv",
      primaryClass   = "nucl-ex",
      reportNumber   = "JLAB-PHY-06-458",
      SLACcitation   = "%%CITATION = NUCL-EX/0601025;%%"
}
%%He
@article{Dieterich:2000mu,
      author         = "Dieterich, S. and others",
      title          = "{Polarization transfer in the He-4(polarized-e, e-prime
                        polarized-p)H-3 reaction}",
      journal        = "Phys. Lett.",
      volume         = "B500",
      year           = "2001",
      pages          = "47-52",
      doi            = "10.1016/S0370-2693(01)00052-1",
      eprint         = "nucl-ex/0011008",
      archivePrefix  = "arXiv",
      primaryClass   = "nucl-ex",
      reportNumber   = "JLAB-PHY-00-91",
      SLACcitation   = "%%CITATION = NUCL-EX/0011008;%%"
}
@article{Schiavilla:2004xa,
      author         = "Schiavilla, R. and Benhar, O. and Kievsky, A. and
                        Marcucci, L. E. and Viviani, M.",
      title          = "{Polarization transfer in He-4(polarized-e, e-prime
                        polarized-p) H-3: Is the ratio G(Ep) / G(Mp) modified in
                        medium?}",
      journal        = "Phys. Rev. Lett.",
      volume         = "94",
      year           = "2005",
      pages          = "072303",
      doi            = "10.1103/PhysRevLett.94.072303",
      eprint         = "nucl-th/0412020",
      archivePrefix  = "arXiv",
      primaryClass   = "nucl-th",
      reportNumber   = "JLAB-05-04-307",
      SLACcitation   = "%%CITATION = NUCL-TH/0412020;%%"
}
@article{Udias:1999tm,
      author         = "Udias, J. M. and Caballero, J. A. and Moya de Guerra, E.
                        and Amaro, Jose Enrique and Donnelly, T. W.",
      title          = "{Quasielastic scattering from relativistic bound
                        nucleons: Transverse longitudinal response}",
      journal        = "Phys. Rev. Lett.",
      volume         = "83",
      year           = "1999",
      pages          = "5451-5454",
      doi            = "10.1103/PhysRevLett.83.5451",
      eprint         = "nucl-th/9905030",
      archivePrefix  = "arXiv",
      primaryClass   = "nucl-th",
      reportNumber   = "FN-IEM-99-4, MIT-CTP-2855",
      SLACcitation   = "%%CITATION = NUCL-TH/9905030;%%"
}
@article{Caballero:1997gc,
      author         = "Caballero, J. A. and Donnelly, T. W. and Moya de Guerra,
                        E. and Udias, J. M.",
      title          = "{Analysis of factorization in (e, e-prime p) reactions: A
                        Survey of the relativistic plane wave impulse
                        approximation}",
      journal        = "Nucl. Phys.",
      volume         = "A632",
      year           = "1998",
      pages          = "323-362",
      doi            = "10.1016/S0375-9474(97)00817-8",
      eprint         = "nucl-th/9710038",
      archivePrefix  = "arXiv",
      primaryClass   = "nucl-th",
      SLACcitation   = "%%CITATION = NUCL-TH/9710038;%%"
}
@article{Udias:2000ig,
      author         = "Udias, J. M. and Vignote, Javier R.",
      title          = "{Relativistic nuclear structure effects in (e,e-prime
                        polarized-p)}",
      journal        = "Phys. Rev.",
      volume         = "C62",
      year           = "2000",
      pages          = "034302",
      doi            = "10.1103/PhysRevC.62.034302",
      eprint         = "nucl-th/0007047",
      archivePrefix  = "arXiv",
      primaryClass   = "nucl-th",
      SLACcitation   = "%%CITATION = NUCL-TH/0007047;%%"
}
@article{Lu:1998tn,
      author         = "Lu, Ding-Hui and Tsushima, Kazuo and Thomas, Anthony
                        William and Williams, Anthony Gordon and Saito, K.",
      title          = "{Electromagnetic form-factors of the bound nucleon}",
      journal        = "Phys. Rev.",
      volume         = "C60",
      year           = "1999",
      pages          = "068201",
      doi            = "10.1103/PhysRevC.60.068201",
      eprint         = "nucl-th/9807074",
      archivePrefix  = "arXiv",
      primaryClass   = "nucl-th",
      reportNumber   = "ADP-98-39-T311",
      SLACcitation   = "%%CITATION = NUCL-TH/9807074;%%"
}
 @article{DeForest:1983ahx,
      author         = "De Forest, T.",
      title          = "{Off-Shell electron Nucleon Cross-Sections. The Impulse
                        Approximation}",
      journal        = "Nucl. Phys.",
      volume         = "A392",
      year           = "1983",
      pages          = "232-248",
      doi            = "10.1016/0375-9474(83)90124-0",
      SLACcitation   = "%%CITATION = NUPHA,A392,232;%%"
}
@article{Horowitz:1985tw,
      author         = "Horowitz, C. J.",
      title          = "{Relativistic Love-Franey model: Covariant representation
                        of the NN interaction for N-nucleus scattering}",
      journal        = "Phys. Rev.",
      volume         = "C31",
      year           = "1985",
      pages          = "1340-1348",
      doi            = "10.1103/PhysRevC.31.1340",
      reportNumber   = "MIT-CTP-1200",
      SLACcitation   = "%%CITATION = PHRVA,C31,1340;%%"
}
@article{Murdock:1986fs,
      author         = "Murdock, D. P. and Horowitz, C. J.",
      title          = "{Microscopic Relativistic Description of Proton - Nucleus
                        Scattering}",
      journal        = "Phys. Rev.",
      volume         = "C35",
      year           = "1987",
      pages          = "1442-1462",
      doi            = "10.1103/PhysRevC.35.1442",
      reportNumber   = "MIT-CTP-1366",
      SLACcitation   = "%%CITATION = PHRVA,C35,1442;%%"
}

 

@article{McVoy:1962zz,
      author         = "McVoy, K. W. and Van Hove, L.",
      title          = "{Inelastic Electron-Nucleus Scattering and
                        Nucleon-Nucleon Correlations}",
      journal        = "Phys. Rev.",
      volume         = "125",
      year           = "1962",
      pages          = "1034-1043",
      doi            = "10.1103/PhysRev.125.1034",
      SLACcitation   = "%%CITATION = PHRVA,125,1034;%%"
}


@article{DeForest:1966ycn,
      author         = "De Forest, Jr., T. and Walecka, J. D.",
      title          = "{Electron scattering and nuclear structure}",
      journal        = "Adv. Phys.",
      volume         = "15",
      year           = "1966",
      pages          = "1-109",
      doi            = "10.1080/00018736600101254",
      SLACcitation   = "%%CITATION = ADPHA,15,1;%%"
}
@article{Bertozzi:1972jff,
      author         = "Bertozzi, W. and Friar, J. and Heisenberg, J. and Negele,
                        J. W.",
      title          = "{Contributions of neutrons to elastic electron scattering
                        from nuclei}",
      journal        = "Phys. Lett.",
      volume         = "B41",
      year           = "1972",
      pages          = "408-414",
      doi            = "10.1016/0370-2693(72)90662-4",
      SLACcitation   = "%%CITATION = PHLTA,B41,408;%%"
}

@article{DeForest:1984qe,
      author         = "De Forest, T.",
      title          = "{THE RELATIVISTIC COULOMB SUM RULE FOR ELECTRON
                        SCATTERING IN THE INDEPENDENT PARTICLE MODEL}",
      journal        = "Nucl. Phys.",
      volume         = "A414",
      year           = "1984",
      pages          = "347-358",
      doi            = "10.1016/0375-9474(84)90607-9",
      SLACcitation   = "%%CITATION = NUPHA,A414,347;%%"
}
 

@article{Altemus:1980wt,
      author         = "Altemus, R. and Cafolla, A. and Day, D. and Mccarthy, J.
                        S. and Whitney, R. R. and Wise, J. E.",
      title          = "{LONGITUDINAL AND TRANSVERSE INELASTIC ELECTRON
                        SCATTERING FROM FE-56}",
      journal        = "Phys. Rev. Lett.",
      volume         = "44",
      year           = "1980",
      pages          = "965-968",
      doi            = "10.1103/PhysRevLett.44.965",
      SLACcitation   = "%%CITATION = PRLTA,44,965;%%"
}
@article{Noble:1980my,
      author         = "Noble, J. V.",
      title          = "{Modification of the nucleon's properties in nuclear
                        matter}",
      journal        = "Phys. Rev. Lett.",
      volume         = "46",
      year           = "1981",
      pages          = "412-415",
      doi            = "10.1103/PhysRevLett.46.412",
      SLACcitation   = "%%CITATION = PRLTA,46,412;%%"
}
@article{Meziani:1984is,
      author         = "Meziani, Z. E. and others",
      title          = "{Coulomb Sum Rule for Ca-40, Ca-48, and Fe-56 for |q
                        (Vector)| <= 550-MeV/c}",
      journal        = "Phys. Rev. Lett.",
      volume         = "52",
      year           = "1984",
      pages          = "2130-2133",
      doi            = "10.1103/PhysRevLett.52.2130",
      SLACcitation   = "%%CITATION = PRLTA,52,2130;%%"
}
@article{Wehrberger:1993zu,
      author         = "Wehrberger, K.",
      title          = "{Electromagnetic response functions in quantum
                        hadrodynamics}",
      journal        = "Phys. Rept.",
      volume         = "225",
      year           = "1993",
      pages          = "273-362",
      doi            = "10.1016/0370-1573(93)90102-J",
      SLACcitation   = "%%CITATION = PRPLC,225,273;%%"
}
@article{Paolone:2010qc,
      author         = "Paolone, M. and others",
      title          = "{Polarization Transfer in the 4He(e,e'p)3H Reaction at
                        Q2 = 0.8 and 1.3 (GeV/c)2}",
      journal        = "Phys. Rev. Lett.",
      volume         = "105",
      year           = "2010",
      pages          = "072001",
      doi            = "10.1103/PhysRevLett.105.072001",
      eprint         = "1002.2188",
      archivePrefix  = "arXiv",
      primaryClass   = "nucl-ex",
      reportNumber   = "JLAB-PHY-10-1127",
      SLACcitation   = "%%CITATION = ARXIV:1002.2188;%%"
}


@article{Carlson:1983fs,
      author         = "Carlson, C. E. and Havens, T. J.",
      title          = "{Quark Distributions in Nuclei}",
      journal        = "Phys. Rev. Lett.",
      volume         = "51",
      year           = "1983",
      pages          = "261",
      doi            = "10.1103/PhysRevLett.51.261",
      reportNumber   = "Print-83-0364 (ITP,STONY BROOK)",
      SLACcitation   = "%%CITATION = PRLTA,51,261;%%"
}

 
@article{Pirner:1980eu,
      author         = "Pirner, Hans J. and Vary, James P.",
      title          = "{Deep Inelastic electron Scattering and the Quark
                        Structure of He-3}",
      journal        = "Phys. Rev. Lett.",
      volume         = "46",
      year           = "1981",
      pages          = "1376-1379",
      doi            = "10.1103/PhysRevLett.46.1376",
      reportNumber   = "Print-80-0698 (HEIDELBERG)",
      SLACcitation   = "%%CITATION = PRLTA,46,1376;%%"
}

@article{Jaffe:1982rr,
      author         = "Jaffe, R. L.",
      title          = "{Quark Distributions in Nuclei}",
      journal        = "Phys. Rev. Lett.",
      volume         = "50",
      year           = "1983",
      pages          = "228",
      doi            = "10.1103/PhysRevLett.50.228",
      reportNumber   = "MIT-CTP-1029",
      SLACcitation   = "%%CITATION = PRLTA,50,228;%%"
}
@article{Berger:1987er,
      author         = "Berger, Edmond L. and Coester, F.",
      title          = "{Nuclear Effects in Deep Inelastic Lepton Scattering}",
      journal        = "Ann. Rev. Nucl. Part. Sci.",
      volume         = "37",
      year           = "1987",
      pages          = "463-491",
      doi            = "10.1146/annurev.ns.37.120187.002335",
      reportNumber   = "ANL-HEP-PR-87-13, ANL-PHY-4965",
      SLACcitation   = "%%CITATION = ARNUA,37,463;%%"
}
@article{Mulders:1990xw,
      author         = "Mulders, P. J.",
      title          = "{Modifications of Nucleons in Nuclei and Other
                        Consequences of the Quark Substructure}",
      journal        = "Phys. Rept.",
      volume         = "185",
      year           = "1990",
      pages          = "83-169",
      doi            = "10.1016/0370-1573(90)90086-H",
      SLACcitation   = "%%CITATION = PRPLC,185,83;%%"
}
@article{Sloan:1988qj,
      author         = "Sloan, T. and Voss, R. and Smadja, G.",
      title          = "{The Quark Structure of the Nucleon from the CERN Muon
                        Experiments}",
      journal        = "Phys. Rept.",
      volume         = "162",
      year           = "1988",
      pages          = "45-167",
      doi            = "10.1016/0370-1573(88)90064-6",
      SLACcitation   = "%%CITATION = PRPLC,162,45;%%"
}
@article{Miller:1985un,
      author         = "Miller, G. A.",
      title          = "{SIX QUARK CLUSTER COMPONENTS OF NUCLEAR WAVE FUNCTIONS
                        AND THE PION NUCLEUS DOUBLE CHARGE EXCHANGE REACTION}",
      journal        = "Phys. Rev. Lett.",
      volume         = "53",
      year           = "1984",
      pages          = "2008-2011",
      doi            = "10.1103/PhysRevLett.53.2008",
      SLACcitation   = "%%CITATION = PRLTA,53,2008;%%"
}
@article{Kisslinger:1983qv,
      author         = "Kisslinger, Leonard S. and Miller, Gerald A.",
      title          = "{Weak Nuclear Interactions in a Hybrid Baryon - Quark
                        Model: $p p$ Asymmetry}",
      journal        = "Phys. Rev.",
      volume         = "C27",
      year           = "1983",
      pages          = "1602",
      doi            = "10.1103/PhysRevC.27.1602",
      reportNumber   = "DOE-ER-40048-21-N2",
      SLACcitation   = "%%CITATION = PHRVA,C27,1602;%%"
}
@article{Karl:1983wf,
      author         = "Karl, G. and Miller, G. A. and Rafelski, Johann",
      title          = "{Nucleon Magnetic Moments in Nuclei and Quark Degrees of
                        Freedom}",
      journal        = "Phys. Lett.",
      volume         = "B143",
      year           = "1984",
      pages          = "326-328",
      doi            = "10.1016/0370-2693(84)91475-8",
      reportNumber   = "CERN-TH-3742",
      SLACcitation   = "%%CITATION = PHLTA,B143,326;%%"
}
@article{Miller:1984em,
      author         = "Miller, Gerald A.",
      title          = "{Building the Nucleus From Quarks: The Cloudy Bag Model
                        and the Quark Description of the Nucleon-nucleon Wave
                        Function}",
      journal        = "Int. Rev. Nucl. Phys.",
      volume         = "1",
      year           = "1984",
      pages          = "189-323",
      reportNumber   = "DOE-ER-40048-02-N4",
      SLACcitation   = "%%CITATION = IRNPE,1,189;%%"
}

@article{Miller:1982sh,
      author         = "Miller, Gerald A. and Kisslinger, Leonard S.",
      title          = "{Quark Contributions to the $p p \leftrightarrow d \pi^+$
                        Reaction}",
      journal        = "Phys. Rev.",
      volume         = "C27",
      year           = "1983",
      pages          = "1669",
      doi            = "10.1103/PhysRevC.27.1669",
      reportNumber   = "Print-82-0880 (WASH.U.,SEATTLE), 40048-20-N2",
      SLACcitation   = "%%CITATION = PHRVA,C27,1669;%%"
}
@article{Guichon:1983hi,
      author         = "Guichon, Pierre A. M. and Miller, Gerald A.",
      title          = "{Quarks and the Deuteron Asymptotic $D$ State}",
      journal        = "Phys. Lett.",
      volume         = "B134",
      year           = "1984",
      pages          = "15-20",
      doi            = "10.1016/0370-2693(84)90974-2",
      reportNumber   = "CERN-TH-3649",
      SLACcitation   = "%%CITATION = PHLTA,B134,15;%%"
}
@article{Sloan:1988qj,
      author         = "Sloan, T. and Voss, R. and Smadja, G.",
      title          = "{The Quark Structure of the Nucleon from the CERN Muon
                        Experiments}",
      journal        = "Phys. Rept.",
      volume         = "162",
      year           = "1988",
      pages          = "45-167",
      doi            = "10.1016/0370-1573(88)90064-6",
      SLACcitation   = "%%CITATION = PRPLC,162,45;%%"
}
@article{Koch:1985yi,
      author         = "Koch, V. and Miller, G. A.",
      title          = "{SIX QUARK CLUSTER EFFECTS AND BINDING ENERGY DIFFERENCES
                        BETWEEN MIRROR NUCLEI}",
      journal        = "Phys. Rev.",
      volume         = "C31",
      year           = "1985",
      pages          = "602-612",
      doi            = "10.1103/PhysRevC.32.1106.2, 10.1103/PhysRevC.31.602",
      note           = "[Erratum: Phys. Rev.C32,1106(1985)]",
      SLACcitation   = "%%CITATION = PHRVA,C31,602;%%"
}

@article{Frankfurt:1996xx,
      author         = "Frankfurt, L. L. and Sargsian, M. M. and Strikman, M. I.",
      title          = "{Feynman graphs and Gribov-Glauber approach to
                        high-energy knockout processes}",
      journal        = "Phys. Rev.",
      volume         = "C56",
      year           = "1997",
      pages          = "1124-1137",
      doi            = "10.1103/PhysRevC.56.1124",

}

@article{Alvioli:2007zz,
      author         = "Alvioli, M. and Ciofi degli Atti, C. and Morita, H.",
      title          = "{Proton-neutron and proton-proton correlations in
                        medium-weight nuclei and the role of the tensor force}",
      journal        = "Phys. Rev. Lett.",
      volume         = "100",
      year           = "2008",
      pages          = "162503",
      doi            = "10.1103/PhysRevLett.100.162503",
      SLACcitation   = "%%CITATION = PRLTA,100,162503;%%"
}



@article{Acciarri:2014gev,
      author         = "Acciarri, R. and others",
      title          = "{Detection of back-to-back proton pairs in
                        charged-current neutrino interactions with the ArgoNeuT
                        detector in the NuMI low energy beam line}",
      collaboration  = "ArgoNeuT",
      journal        = "Phys. Rev.",
      volume         = "D90",
      year           = "2014",
      number         = "1",
      pages          = "012008",
      doi            = "10.1103/PhysRevD.90.012008",
      eprint         = "1405.4261",
      archivePrefix  = "arXiv",
      primaryClass   = "nucl-ex",
      SLACcitation   = "%%CITATION = ARXIV:1405.4261;%%"
}


@article{D0:2014kma,
      author         = "Abazov, Victor Mukhamedovich and others",
      title          = "{Measurement of the electron charge asymmetry in
                        $\boldsymbol{p\bar{p}\rightarrow W+X \rightarrow e\nu +X}$
                        decays in $\boldsymbol{p\bar{p}}$ collisions at
                        $\boldsymbol{\sqrt{s}=1.96}$ TeV}",
      collaboration  = "D0",
      journal        = "Phys. Rev.",
      volume         = "D91",
      year           = "2015",
      number         = "3",
      pages          = "032007",
      doi            = "10.1103/PhysRevD.91.032007, 10.1103/PhysRevD.91.079901",
      note           = "[Erratum: Phys. Rev.D91,no.7,079901(2015)]",
      eprint         = "1412.2862",
      archivePrefix  = "arXiv",
      primaryClass   = "hep-ex",
      reportNumber   = "FERMILAB-PUB-14-514-E",
      SLACcitation   = "%%CITATION = ARXIV:1412.2862;%%"
}

@article{Abazov:2013rja,
      author         = "Abazov, Victor Mukhamedovich and others",
      title          = "{Measurement of the muon charge asymmetry in $p\bar{p}$
                        $\to$ W+X $\to$ $\mu$$\nu$ + X events at
                        $\sqrt{s}$=1.96??TeV}",
      collaboration  = "D0",
      journal        = "Phys. Rev.",
      volume         = "D88",
      year           = "2013",
      pages          = "091102",
      doi            = "10.1103/PhysRevD.88.091102",
      eprint         = "1309.2591",
      archivePrefix  = "arXiv",
      primaryClass   = "hep-ex",
      reportNumber   = "FERMILAB-PUB-13-361-E",
      SLACcitation   = "%%CITATION = ARXIV:1309.2591;%%"
}

@article{Abazov:2013dsa,
      author         = "Abazov, Victor Mukhamedovich and others",
      title          = "{Measurement of the W Boson Production Charge Asymmetry
                        in $p\bar{p}\rightarrow W+X \rightarrow e\nu +X$ Events at
                        $\sqrt{s}=1.96$ TeV}",
      collaboration  = "D0",
      journal        = "Phys. Rev. Lett.",
      volume         = "112",
      year           = "2014",
      number         = "15",
      pages          = "151803",
      doi            = "10.1103/PhysRevLett.114.049901,
                        10.1103/PhysRevLett.112.151803",
      note           = "[Erratum: Phys. Rev. Lett.114,no.4,049901(2015)]",
      eprint         = "1312.2895",
      archivePrefix  = "arXiv",
      primaryClass   = "hep-ex",
      reportNumber   = "FERMILAB-PUB-13-567-E",
      SLACcitation   = "%%CITATION = ARXIV:1312.2895;%%"
}

@article{Accardi:2016qay,
      author         = "Accardi, A. and Brady, L. T. and Melnitchouk, W. and
                        Owens, J. F. and Sato, N.",
      title          = "{Constraints on large-$x$ parton distributions from new
                        weak boson production and deep-inelastic scattering data}",
      journal        = "Phys. Rev.",
      volume         = "D93",
      year           = "2016",
      number         = "11",
      pages          = "114017",
      doi            = "10.1103/PhysRevD.93.114017",
      eprint         = "1602.03154",
      archivePrefix  = "arXiv",
      primaryClass   = "hep-ph",
      reportNumber   = "JLAB-THY-16-2215",
      SLACcitation   = "%%CITATION = ARXIV:1602.03154;%%"
}

@article{Dulat:2015mca,
      author         = "Dulat, Sayipjamal and Hou, Tie-Jiun and Gao, Jun and
                        Guzzi, Marco and Huston, Joey and Nadolsky, Pavel and
                        Pumplin, Jon and Schmidt, Carl and Stump, Daniel and Yuan,
                        C. P.",
      title          = "{New parton distribution functions from a global analysis
                        of quantum chromodynamics}",
      journal        = "Phys. Rev.",
      volume         = "D93",
      year           = "2016",
      number         = "3",
      pages          = "033006",
      doi            = "10.1103/PhysRevD.93.033006",
      eprint         = "1506.07443",
      archivePrefix  = "arXiv",
      primaryClass   = "hep-ph",
      SLACcitation   = "%%CITATION = ARXIV:1506.07443;%%"
}

@book{Austern,
  author = "N. Austern",
  title = "Direct Nuclear Reaction Theories",
  publisher = "Wiley-Interscience",
  year = 1970}
  
  

  
  @article{More:2015tpa,
      author         = "More, S. N. and Kï¿½nig, S. and Furnstahl, R. J. and
                        Hebeler, K.",
      title          = "{Deuteron electrodisintegration with unitarily evolved
                        potentials}",
      journal        = "Phys. Rev.",
      volume         = "C92",
      year           = "2015",
      number         = "6",
      pages          = "064002",
      doi            = "10.1103/PhysRevC.92.064002",
      eprint         = "1510.04955",
      archivePrefix  = "arXiv",
      primaryClass   = "nucl-th",
      SLACcitation   = "%%CITATION = ARXIV:1510.04955;%%"
}

  
  @article{Cosyn:2013uoa,
      author         = "Cosyn, Wim and Melnitchouk, Wally and Sargsian, Misak",
      title          = "{Final-state interactions in inclusive deep-inelastic
                        scattering from the deuteron}",
      journal        = "Phys. Rev.",
      volume         = "C89",
      year           = "2014",
      number         = "1",
      pages          = "014612",
      doi            = "10.1103/PhysRevC.89.014612",
      eprint         = "1311.3550",
      archivePrefix  = "arXiv",
      primaryClass   = "nucl-th",
      reportNumber   = "JLAB-THY-13-1820",
      SLACcitation   = "%%CITATION = ARXIV:1311.3550;%%"
}

@article{Cosyn:2015mha,
      author         = "Cosyn, Wim and Sargsian, Misak M.",
      title          = "{High x Structure Function of the Virtually Free
                        Neutron}",
      journal        = "Phys. Rev.",
      volume         = "C93",
      year           = "2016",
      number         = "5",
      pages          = "055205",
      doi            = "10.1103/PhysRevC.93.055205",
      eprint         = "1506.01067",
      archivePrefix  = "arXiv",
      primaryClass   = "hep-ph",
      reportNumber   = "NUPAR-05-2015-2",
      SLACcitation   = "%%CITATION = ARXIV:1506.01067;%%"
}

@article{Palli:2009it,
      author         = "Palli, V. and Ciofi degli Atti, C. and Kaptari, L. P. and
                        Mezzetti, C. B. and Alvioli, M.",
      title          = "{Slow Proton Production in Semi-Inclusive Deep Inelastic
                        Scattering off Deuteron and Complex Nuclei: Hadronization
                        and Final State Interaction Effects}",
      journal        = "Phys. Rev.",
      volume         = "C80",
      year           = "2009",
      pages          = "054610",
      doi            =  "10.1103/PhysRevC.80.054610",
      eprint         = "0911.1377",
      archivePrefix  = "arXiv",
      primaryClass   = "nucl-th",
      SLACcitation   = "%%CITATION = ARXIV:0911.1377;%%"
}

@article{Cosyn:2010ux,
      author         = "Cosyn, Wim and Sargsian, Misak",
      title          = "{Final-state interactions in semi-inclusive deep
                        inelastic scattering off the Deuteron}",
      journal        = "Phys. Rev.",
      volume         = "C84",
      year           = "2011",
      pages          = "014601",
      doi            = "10.1103/PhysRevC.84.014601",
      eprint         = "1012.0293",
      archivePrefix  = "arXiv",
      primaryClass   = "nucl-th",
      reportNumber   = "JLAB-THY-11-1430",
      SLACcitation   = "%%CITATION = ARXIV:1012.0293;%%"
}



@article{Blunden:1999gq,
      author         = "Blunden, P. G. and Burkardt, M. and Miller, G. A.",
      title          = "{Light front nuclear physics: Mean field theory for
                        finite nuclei}",
      journal        = "Phys. Rev.",
      volume         = "C60",
      year           = "1999",
      pages          = "055211",
      doi            = "10.1103/PhysRevC.60.055211",
      eprint         = "nucl-th/9906012",
      archivePrefix  = "arXiv",
      primaryClass   = "nucl-th",
      reportNumber   = "NT-UW-99-21",
      SLACcitation   = "%%CITATION = NUCL-TH/9906012;%%"
}

@article{Carlson:2014vla,
      author         = "Carlson, J. and Gandolfi, S. and Pederiva, F. and Pieper,
                        Steven C. and Schiavilla, R. and Schmidt, K. E. and
                        Wiringa, R. B.",
      title          = "{Quantum Monte Carlo methods for nuclear physics}",
      journal        = "Rev. Mod. Phys.",
      volume         = "87",
      year           = "2015",
      pages          = "1067",
      doi            = "10.1103/RevModPhys.87.1067",
}

@article{Weiss:2016obx,
      author         = "Weiss, R. and Cruz-Torres, R. and Barnea, N. and
                        Piasetzky, E. and Hen, O.",
      title          = "{The nuclear contacts and short range correlations in
                        nuclei}",
      journal        = "Phys. Lett. B",
      pages          = 211,
      volume         = 780,
      year           = "2018",
      SLACcitation   = "%%CITATION = ARXIV:1612.00923;%%"
}

@article{VanCuyck:2016fab,
      author         = "Van Cuyck, Tom and Jachowicz, Natalie and
                        Gonzï¿½lez-Jimï¿½nez, Raï¿½l and Martini, Marco and Pandey,
                        Vishvas and Ryckebusch, Jan and Van Dessel, Nils",
      title          = "{Influence of short-range correlations in
                        neutrino-nucleus scattering}",
      journal        = "Phys. Rev.",
      volume         = "C94",
      year           = "2016",
      number         = "2",
      pages          = "024611",
      doi            = "10.1103/PhysRevC.94.024611",
}

@article{Song:2017ktj,
      author         = "Song, L. S. and Yao, J. M. and Ring, P. and Meng, J.",
      title          = "{Nuclear matrix element of neutrinoless double-$\beta$
                        decay: Relativity and short-range correlations}",
      journal        = "Phys. Rev.",
      volume         = "C95",
      year           = "2017",
      number         = "2",
      pages          = "024305",
      doi            = "10.1103/PhysRevC.95.024305",
}

@article{CiofidegliAtti:2017tnm,
      author         = "Ciofi degli Atti, Claudio and Mezzetti, Chiara Benedetta
                        and Morita, Hiko",
      title          = "{Microscopic nucleon spectral function for finite nuclei
                        featuring two- and three-nucleon short-range correlations:
                        The model versus ab initio calculations for three-nucleon
                        systems}",
      journal        = "Phys. Rev.",
      volume         = "C95",
      year           = "2017",
      number         = "4",
      pages          = "044327",
      doi            = "10.1103/PhysRevC.95.044327",
      SLACcitation   = "%%CITATION = ARXIV:1701.08211;%%"
}

@article{Kulagin:2010gd,
      author         = "Kulagin, S. A. and Petti, R.",
      title          = "{Structure functions for light nuclei}",
      journal        = "Phys. Rev.",
      volume         = "C82",
      year           = "2010",
      pages          = "054614",
      doi            = "10.1103/PhysRevC.82.054614",
      eprint         = "1004.3062",
      archivePrefix  = "arXiv",
      primaryClass   = "hep-ph",
      SLACcitation   = "%%CITATION = ARXIV:1004.3062;%%"
}


@misc{Kulagin:2019pc,
  	author 		= "Kulagin, S. A. and Petti, R.",
  	year 		= "private communication"
}


@misc{Accardi:2019pc,
  	author 		= "Accardi, A.",
  	year 		= "private communication"
}

@misc{Solid:2014wp,
  	author 		= "{SoLID Collaboration}",
  	year 		= "2014",
	howpublished = {\url{https://hallaweb.jlab.org/12GeV/SoLID/download/doc/SoLIDWhitePaper-Sep9-2014.pdfu}}
	
}

@article{Tropiano:2019tems,
	author		= "Tropiano, A.J. and Ethier, J.J. and Melnitchouk, W. and Sato, N.",
	title		= "Deep-inelastic and quasielastic electron scattering from $A=3$ nuclei",
	journal		= "Phys. Rev.",
	volume		= "C99",
	year		= "2019",
	pages		= "035201",
	doi		= "10.1103/PhysRevC.99.035201",
	eprint		= "1811.07668",
	archivePrefix  	= "arXiv",
	primaryClass   	= "hep-th",
	SLACcitation   	= "%%CITATION = ARXIV:1811.07668;%%"	
}
@article{Bashir:2012,
	author		= "Bashir, A. and Chang, L. and Cloet, I. and El-Bennich, B. and 
				Liu, Y. and Roberts, C. and Tandy, P.",
	title		= "Collective perspective on advances in Dyson-Schwinger Equation QCD",
	journal		= "Commun. Theor. Phys.",
	volume		= "58",
	year		= "2012",
	pages		= "79-134",
	doi		= "1088/0253-6102/58/1/16",
	eprint		= "1201.3366",
	archivePrefix  	= "arXiv",
	primaryClass   	= "nucl-th",
}

@article{Arrington:2006sde,
	author	= "Arrington, J. and Ent, R. and Keppel, C.E. and Mammei, J. and Niculescu, I.",
	title	= "Low $Q^2$ scaling, duality, and the EMC effect",
	journal	= "Phys. Rev.",
	volume	= "C73",
	pages	= "035205",
	year	= "2006",
	doi	= "10.1103/PhysRevC.73.035205"
}

@article{Melnitchouk:1997pemc,
	author	= "Melnitchouk, W. and Sargsian, M. and Strikman, M.",
	title	= "{Probing the origin of the EMC effect via 
		tagged structure functions of the deuteron}",
	journal	= "Z. Phys.",
	volume	= "A359",
	year 	= "1997",
	pages	= "99-109",
	doi	= "10.1007/s002180050372"

}

@article{NMC:1992npp,
	author		= "Amaudruz, P. and others",
	collaboration	= "The New Muon Collaboration (NMC)",
	title		= "The ratio of $F_2^n / F_2^p$ in deep inelastic muon scattering",
	journal		= "Nucl. Phys.",
	volume		= "B371",
	year		= "1992",
	pages		= "3-31",
	doi		= "10.1016/0550-3213(92)90227-3"
}


@article{Mecking:2003zu,
      author         = "Mecking, B. A. and others",
      title          = "{The CEBAF Large Acceptance Spectrometer (CLAS)}",
      journal        = "Nucl. Instrum. Meth.",
      volume         = "A503",
      year           = "2003",
      pages          = "513-553",
      doi            = "10.1016/S0168-9002(03)01001-5",
      reportNumber   = "JLAB-PHY-03-01",
      SLACcitation   = "%%CITATION = NUIMA,A503,513;%%"
}

@article{Hakobyan:2008zz,
      author         = "Hakobyan, H. and others",
      title          = "{A double-target system for precision measurements of
                        nuclear medium effects}",
      journal        = "Nucl. Instrum. Meth.",
      volume         = "A592",
      year           = "2008",
      pages          = "218-223",
      doi            = "10.1016/j.nima.2008.04.055",
      reportNumber   = "JLAB-PHY-08-830",
      SLACcitation   = "%%CITATION = NUIMA,A592,218;%%"
}

@article{Blomqvist:1998gq,
      author         = "Blomqvist, K. I. and others",
      title          = "{Investigation of short range nucleon nucleon
                        correlations using the reaction C-12(e,e' p p) in close to
                        4pi geometry}",
      journal        = "Phys. Lett.",
      volume         = "B421",
      year           = "1998",
      pages          = "71-78",
      doi            = "10.1016/S0370-2693(98)00024-0",
      SLACcitation   = "%%CITATION = PHLTA,B421,71;%%"
}

@article{Kester:1995zz,
      author         = "Kester, L. J. H. M. and others",
      title          = "{Short-Range Nucleon-Nucleon Correlations Investigated
                        with the Reaction C-12 (e, e-prime pp)}",
      journal        = "Phys. Rev. Lett.",
      volume         = "74",
      year           = "1995",
      pages          = "1712-1715",
      doi            = "10.1103/PhysRevLett.74.1712",
      SLACcitation   = "%%CITATION = PRLTA,74,1712;%%"
}

@article{Arnold:1989qr,
      author         = "Arnold, R. G. and others",
      title          = "{Transverse Electrodisintegration of the Deuteron in the
                        Threshold Region at High $Q^2$}",
      journal        = "Phys. Rev.",
      volume         = "C42",
      year           = "1990",
      pages          = "1-5",
      doi            = "10.1103/PhysRevC.42.1",
      reportNumber   = "SLAC-PUB-4918",
      SLACcitation   = "%%CITATION = PHRVA,C42,1;%%"
}

@article{Laget:1987hb,
      author         = "Laget, J. M.",
      title          = "{The High Momentum Components in the Wave Functions of
                        the Few Body Systems}",
      journal        = "Phys. Lett.",
      volume         = "B199",
      year           = "1987",
      pages          = "493-498",
      doi            = "10.1016/0370-2693(87)91615-7",
      reportNumber   = "SACLAY-DPHN-2447",
      SLACcitation   = "%%CITATION = PHLTA,B199,493;%%"
}

@article{Colle:2015lyl,
      author         = "Colle, Camille and Cosyn, Wim and Ryckebusch, Jan",
      title          = "{Final-state interactions in two-nucleon knockout
                        reactions}",
      journal        = "Phys. Rev.",
      volume         = "C93",
      year           = "2016",
      number         = "3",
      pages          = "034608",
      doi            = "10.1103/PhysRevC.93.034608",

}

@article{Sargsian:2001ax,
      author         = "Sargsian, Misak M.",
      title          = "{Selected topics in high energy semiexclusive
                        electronuclear reactions}",
      journal        = "Int. J. Mod. Phys.",
      volume         = "E10",
      year           = "2001",
      pages          = "405-458",
      doi            = "10.1142/S0218301301000617",

}

@article{Kortelainen2007128,
	author = "M. Kortelainen and O. Civitarese and J. Suhonen and J. Toivanen",
	title = "Short-range correlations and neutrinoless double beta decay ",
	journal = "Physics Letters B ",
	volume = "647",
	year = "2007",
	number = "2?3",
	pages = "128 - 132",
	doi = "http://dx.doi.org/10.1016/j.physletb.2007.01.054",
}

@article{Ryckebusch:1996wc,
      author         = "Ryckebusch, Jan",
      title          = "{Photoinduced two proton knockout and ground state
                        correlations in nuclei}",
      journal        = "Phys. Lett.",
      volume         = "B383",
      year           = "1996",
      pages          = "1-8",
      doi            = "10.1016/0370-2693(96)00725-3",
      eprint         = "nucl-th/9605043",
      archivePrefix  = "arXiv",
      primaryClass   = "nucl-th",
      reportNumber   = "SSF-95-12-01",
      SLACcitation   = "%%CITATION = NUCL-TH/9605043;%%"
}

@article{CT14,
  title = {New parton distribution functions from a global analysis of quantum chromodynamics},
  author = {Dulat, Sayipjamal and Hou, Tie-Jiun and Gao, Jun and Guzzi, Marco and Huston, Joey and Nadolsky, Pavel and Pumplin, Jon and Schmidt, Carl and Stump, Daniel and Yuan, C.-P.},
  journal = {Phys. Rev. D},
  volume = {93},
  issue = {3},
  pages = {033006},
  numpages = {39},
  year = {2016},
  month = {Feb},
  publisher = {American Physical Society},
  doi = {10.1103/PhysRevD.93.033006}
}

@article{Arrington:2008zh,
      author         = "Arrington, J. and Coester, F. and Holt, R. J. and Lee, T.
                        -S. H.",
      title          = "{Neutron Structure Functions}",
      journal        = "J. Phys.",
      volume         = "G36",
      year           = "2009",
      pages          = "025005",
      doi            = "10.1088/0954-3899/36/2/025005",
      eprint         = "0805.3116",
      archivePrefix  = "arXiv",
      primaryClass   = "nucl-th",
      SLACcitation   = "%%CITATION = ARXIV:0805.3116;%%"
}

@article{Aste:2004kh,
      author         = "Aste, Andreas and Hencken, Kai and Jourdan, Jurg and
                        Sick, Ingo and Trautmann, Dirk",
      title          = "{Coulomb corrections for quasielastic (e, e-prime)
                        scattering: Eikonal approximation}",
      journal        = "Nucl. Phys.",
      volume         = "A743",
      year           = "2004",
      pages          = "259-282",
      doi            = "10.1016/j.nuclphysa.2004.08.001",
      eprint         = "nucl-th/0403047",
      archivePrefix  = "arXiv",
      primaryClass   = "nucl-th",
      SLACcitation   = "%%CITATION = NUCL-TH/0403047;%%"
}

@article{Mo:1968cg,
      author         = "Mo, Luke W. and Tsai, Yung-Su",
      title          = "{Radiative Corrections to Elastic and Inelastic e p and
                        mu p Scattering}",
      journal        = "Rev. Mod. Phys.",
      volume         = "41",
      year           = "1969",
      pages          = "205-235",
      doi            = "10.1103/RevModPhys.41.205",
      reportNumber   = "SLAC-PUB-0380",
      SLACcitation   = "%%CITATION = RMPHA,41,205;%%"
}


@article{Supplementary,
      author         = "Online supplementary matterials",
      title          = "{Online supplementary matterials}",
      year           = "2017",
}



@article{DataMining,
      author         = "L.B. Weinstein and S.E. Kuhn",
      title          = "{Short distance structure of nuclei: Mining the wealth of existing jefferson lab data, DOE Grant DE-SC0006801}",
      year           = "2016",
}


@article{Arrington:2019wky,
      author         = "Arrington, J. and Fomin, N.",
      title          = "{Searching for flavor dependence in nuclear quark
                        behavior}",
      year           = "2019",
      eprint         = "1903.12535v1",
      archivePrefix  = "arXiv",
      primaryClass   = "nucl-ex",
      SLACcitation   = "%%CITATION = ARXIV:1903.12535;%%"
}

@article{Hen:2019jzn,
      author         = "Hen, O. and Hauenstein, F. and Higinbotham, D. W. and
                        Miller, G. A. and Piasetzky, E. and Schmidt, A. and
                        Segarra, E. P. and Strikman, M. and Weinstein, L. B.",
      title          = "{Comment on "Searching for flavor dependence in nuclear
                        quark behavior"}",
      year           = "2019",
      eprint         = "1905.02172",
      archivePrefix  = "arXiv",
      primaryClass   = "nucl-ex",
      SLACcitation   = "%%CITATION = ARXIV:1905.02172;%%"
}

@article{Schmookler:2019nvf,
      author         = "Schmookler, B. and others",
      title          = "{Modified structure of protons and neutrons in correlated
                        pairs}",
      collaboration  = "CLAS",
      journal        = "Nature",
      volume         = "566",
      year           = "2019",
      number         = "7744",
      pages          = "354-358",
      doi            = "10.1038/s41586-019-0925-9",
      SLACcitation   = "%%CITATION = NATUA,566,354;%%"
}

@article{Whitlow:1992,
	author		= "Whitlow, L.W. and others",
	title		= "{Precise measurements of the proton and deuteron structure 
			functions from a global analysis of the SLAC deep inelastic
			electron scattering cross sections}",
	journal		= "Phys. Lett.",
	volume 		= "B282",
	year		= "1992",
	number		= "3-4",
	pages		= "475-482",
}

@article{Lonardoni:2017egu,
      author         = "Lonardoni, D. and Lovato, A. and Pieper, Steven C. and
                        Wiringa, R. B.",
      title          = "{Variational calculation of the ground state of
                        closed-shell nuclei up to $A=40$}",
      journal        = "Phys. Rev.",
      volume         = "C96",
      year           = "2017",
      number         = "2",
      pages          = "024326",
      doi            = "10.1103/PhysRevC.96.024326",
      eprint         = "1705.04337",
      archivePrefix  = "arXiv",
      primaryClass   = "nucl-th",
      reportNumber   = "LA-UR-17-23856",
      SLACcitation   = "%%CITATION = ARXIV:1705.04337;%%"
}

@article{Lynn:2019vwp,
      author         = "Lynn, J. E. and Lonardoni, D. and Carlson, J. and Chen,
                        J. W. and Detmold, W. and Gandolfi, S. and Schwenk, A.",
      title          = "{$\textit{Ab initio}$ short-range-correlation scaling
                        factors from light to medium-mass nuclei}",
      year           = "2019",
      eprint         = "1903.12587",
      archivePrefix  = "arXiv",
      primaryClass   = "nucl-th",
      reportNumber   = "LA-UR-19-20911, MIT-CTP/5103",
      SLACcitation   = "%%CITATION = ARXIV:1903.12587;%%"
}

@article{Cruz-Torres:2017sjy,
      author         = "Cruz-Torres, Reynier and Schmidt, Axel and Miller, Gerald
                        A. and Weinstein, Lawrence B. and Barnea, Nir and Weiss,
                        Ronen and Piasetzky, Eliezer and Hen, O.",
      title          = "{Short range correlations and the isospin dependence of
                        nuclear correlation functions}",
      journal        = "Phys. Lett.",
      volume         = "B785",
      year           = "2018",
      pages          = "304-308",
      doi            = "10.1016/j.physletb.2018.07.069",
      eprint         = "1710.07966",
      archivePrefix  = "arXiv",
      primaryClass   = "nucl-th",
      SLACcitation   = "%%CITATION = ARXIV:1710.07966;%%"
}

@article{Weiss:2018tbu,
      author         = "Weiss, Ronen and Korover, Igor and Piasetzky, Eliezer and
                        Hen, Or and Barnea, Nir",
      title          = "{Energy and momentum dependence of nuclear short-range
                        correlations - Spectral function, exclusive scattering
                        experiments and the contact formalism}",
      journal        = "Phys. Lett.",
      volume         = "B791",
      year           = "2019",
      pages          = "242-248",
      doi            = "10.1016/j.physletb.2019.02.019",
      eprint         = "1806.10217",
      archivePrefix  = "arXiv",
      primaryClass   = "nucl-th",
      SLACcitation   = "%%CITATION = ARXIV:1806.10217;%%"
}

@ARTICLE{2010arXiv1012.3754A,
author = {{Andrae}, Rene and {Schulze-Hartung}, Tim and {Melchior}, Peter},
title = "{Dos and don'ts of reduced chi-squared}",
journal = {arXiv e-prints},
keywords = {Astrophysics - Instrumentation and Methods for Astrophysics, Physics - Data Analysis, Statistics and Probability, Statistics - Methodology},
year = "2010",
month = "Dec",
eid = {arXiv:1012.3754},
pages = {arXiv:1012.3754},
archivePrefix = {arXiv},
eprint = {1012.3754},
primaryClass = {astro-ph.IM},
adsurl = {https://ui.adsabs.harvard.edu/abs/2010arXiv1012.3754A},
adsnote = {Provided by the SAO/NASA Astrophysics Data System}
}

@article{Duer:2018sxh,
      author         = "Duer, M. and others",
      title          = "{Direct Observation of Proton-Neutron Short-Range
                        Correlation Dominance in Heavy Nuclei}",
      collaboration  = "CLAS",
      journal        = "Phys. Rev. Lett.",
      volume         = "122",
      year           = "2019",
      pages          = "172502",
      doi            = "10.1103/PhysRevLett.122.172502",
      eprint         = "1810.05343",
      archivePrefix  = "arXiv",
      primaryClass   = "nucl-ex",
      SLACcitation   = "%%CITATION = ARXIV:1810.05343;%%"
}

@misc{pystan,
  author="Stan Development Team",
year = 2018,
title = "PyStan: the Python interface to Stan, Version 2.17.1.0",
howpublished = {\url{http://mc-stan.org}}
}

@article{JSSv076i01,
   author = {Bob Carpenter and Andrew Gelman and Matthew Hoffman and Daniel Lee and Ben Goodrich and Michael Betancourt and Marcus Brubaker and Jiqiang Guo and Peter Li and Allen Riddell},
   title = {Stan: A Probabilistic Programming Language},
   journal = {Journal of Statistical Software, Articles},
   volume = {76},
   number = {1},
   year = {2017},
   keywords = {probabilistic programming; Bayesian inference; algorithmic differentiation; Stan},
   abstract = {Stan is a probabilistic programming language for specifying statistical models. A Stan program imperatively defines a log probability function over parameters conditioned on specified data and constants. As of version 2.14.0, Stan provides full Bayesian inference for continuous-variable models through Markov chain Monte Carlo methods such as the No-U-Turn sampler, an adaptive form of Hamiltonian Monte Carlo sampling. Penalized maximum likelihood estimates are calculated using optimization methods such as the limited memory Broyden-Fletcher-Goldfarb-Shanno algorithm. Stan is also a platform for computing log densities and their gradients and Hessians, which can be used in alternative algorithms such as variational Bayes, expectation propagation, and marginal inference using approximate integration. To this end, Stan is set up so that the densities, gradients, and Hessians, along with intermediate quantities of the algorithm such as acceptance probabilities, are easily accessible. Stan can be called from the command line using the cmdstan package, through R using the rstan package, and through Python using the pystan package. All three interfaces support sampling and optimization-based inference with diagnostics and posterior analysis. rstan and pystan also provide access to log probabilities, gradients, Hessians, parameter transforms, and specialized plotting.},
   issn = {1548-7660},
   pages = {1--32},
   doi = {10.18637/jss.v076.i01},
   url = {https://www.jstatsoft.org/v076/i01}
}

@article{Brodsky:1994kg,
      author         = "Brodsky, Stanley J. and Burkardt, Matthias and Schmidt,
                        Ivan",
      title          = "{Perturbative QCD constraints on the shape of polarized
                        quark and gluon distributions}",
      journal        = "Nucl. Phys.",
      volume         = "B441",
      year           = "1995",
      pages          = "197-214",
      doi            = "10.1016/0550-3213(95)00009-H",
      eprint         = "hep-ph/9401328",
      archivePrefix  = "arXiv",
      primaryClass   = "hep-ph",
      reportNumber   = "SLAC-PUB-6087",
      SLACcitation   = "%%CITATION = HEP-PH/9401328;%%"
}

@article{Ball:2016spl,
      author         = "Ball, Richard D. and Nocera, Emanuele R. and Rojo, Juan",
      title          = "{The asymptotic behaviour of parton distributions at
                        small and large $x$}",
      journal        = "Eur. Phys. J.",
      volume         = "C76",
      year           = "2016",
      number         = "7",
      pages          = "383",
      doi            = "10.1140/epjc/s10052-016-4240-4",
      eprint         = "1604.00024",
      archivePrefix  = "arXiv",
      primaryClass   = "hep-ph",
      SLACcitation   = "%%CITATION = ARXIV:1604.00024;%%"
}

@article{Cohen:2018gzh,
      author         = "Cohen, E. O. and others",
      title          = "{Center of Mass Motion of Short-Range Correlated Nucleon
                        Pairs studied via the $A(e,eâ€²pp)$ Reaction}",
      collaboration  = "CLAS",
      journal        = "Phys. Rev. Lett.",
      volume         = "121",
      year           = "2018",
      number         = "9",
      pages          = "092501",
      doi            = "10.1103/PhysRevLett.121.092501",
      eprint         = "1805.01981",
      archivePrefix  = "arXiv",
      primaryClass   = "nucl-ex",
      SLACcitation   = "%%CITATION = ARXIV:1805.01981;%%"
}

@article{Arrington:2011qt,
      author         = "Arrington, J. and Rubin, J. G. and Melnitchouk, W.",
      title          = "{How Well Do We Know The Neutron Structure Function?}",
      journal        = "Phys. Rev. Lett.",
      volume         = "108",
      year           = "2012",
      pages          = "252001",
      doi            = "10.1103/PhysRevLett.108.252001",
      eprint         = "1110.3362",
      archivePrefix  = "arXiv",
      primaryClass   = "hep-ph",
      reportNumber   = "JLAB-THY-11-1450",
      SLACcitation   = "%%CITATION = ARXIV:1110.3362;%%"
}

@article{MARATHON,
      author = "Petratos, G. G. and others",
      title  = "{MeAsurement of the $F_2^n/F_2^p$, $d/u$ RAtios and $A=3$ EMC Effect in Deep Inelastic Electron Scattering 
                   Off the Tritium and Helium MirrOr Nuclei}",
      journal = "Jefferson Lab PAC37 Proposal",
      year = "2010",
      note = "Experiment E12-10-103"
}

@article{xgt1,
      author = "Solvignon, P. and others",
      title = "Precision measurement of the isospin dependence in the 2N and 3N short range correlation region",
      journal = "Jefferson Lab PAC38 Proposal",
      year = "2011",
      note = "Experiment E12-11-112"
}

@article{Afnan:2003vh,
      author         = "Afnan, Iraj Ruhi and Bissey, Francois Rene Pierre and
                        Gomez, J. and Katramatou, A. T. and Liuti, Simonetta and
                        Melnitchouk, W. and Petratos, G. G. and Thomas, Anthony
                        William",
      title          = "{Deep inelastic scattering from A = 3 nuclei and the
                        neutron structure function}",
      journal        = "Phys. Rev.",
      volume         = "C68",
      year           = "2003",
      pages          = "035201",
      doi            = "10.1103/PhysRevC.68.035201",
      eprint         = "nucl-th/0306054",
      archivePrefix  = "arXiv",
      primaryClass   = "nucl-th",
      reportNumber   = "ADP-03-114-T552, JLAB-THY-03-30, KSUCNR-203-06",
      SLACcitation   = "%%CITATION = NUCL-TH/0306054;%%"
}

@article{Frankfurt:1985cv,
      author         = "Frankfurt, L. L. and Strikman, M. I.",
      title          = "{POINT - LIKE CONFIGURATIONS IN HADRONS AND NUCLEI AND
                        DEEP INELASTIC REACTIONS WITH LEPTONS: EMC AND EMC LIKE
                        EFFECTS}",
      journal        = "Nucl. Phys.",
      volume         = "B250",
      year           = "1985",
      pages          = "143-176",
      doi            = "10.1016/0550-3213(85)90477-8",
      SLACcitation   = "%%CITATION = NUPHA,B250,143;%%"
}

@article{Farrar:1975yb,
      author         = "Farrar, Glennys R. and Jackson, Darrell R.",
      title          = "{Pion and Nucleon Structure Functions Near x=1}",
      journal        = "Phys. Rev. Lett.",
      volume         = "35",
      year           = "1975",
      pages          = "1416",
      doi            = "10.1103/PhysRevLett.35.1416",
      reportNumber   = "CALT-68-505",
      SLACcitation   = "%%CITATION = PRLTA,35,1416;%%"
}

@article{Sargsian:2001gu,
      author         = "Sargsian, M. M. and Simula, S. and Strikman, M. I.",
      title          = "{Neutron structure function and inclusive DIS from H-3
                        and HE-3 at large Bjorken x}",
      journal        = "Phys. Rev.",
      volume         = "C66",
      year           = "2002",
      pages          = "024001",
      doi            = "10.1103/PhysRevC.66.024001",
      eprint         = "nucl-th/0105052",
      archivePrefix  = "arXiv",
      primaryClass   = "nucl-th",
      reportNumber   = "RM3-TH-01-2",
      SLACcitation   = "%%CITATION = NUCL-TH/0105052;%%"
}

@article{Virchaux:1991jc,
      author         = "Virchaux, Marc and Milsztajn, Alain",
      title          = "{A Measurement of alpha-s and higher twists from a QCD
                        analysis of high statistics F-2 data on hydrogen and
                        deuterium targets}",
      journal        = "Phys. Lett.",
      volume         = "B274",
      year           = "1992",
      pages          = "221-229",
      doi            = "10.1016/0370-2693(92)90527-B",
      reportNumber   = "SACLAY-DPHPE-91-08",
      SLACcitation   = "%%CITATION = PHLTA,B274,221;%%"
}


@article{Close:1973xw,
      author         = "Close, F. E.",
      title          = "{Nu w(2) at small omega' and resonance form-factors in a
                        quark model with broken su(6)}",
      journal        = "Phys. Lett.",
      volume         = "43B",
      year           = "1973",
      pages          = "422-426",
      doi            = "10.1016/0370-2693(73)90389-4",
      SLACcitation   = "%%CITATION = PHLTA,43B,422;%%"
}

@article{Carlitz:1975bg,
      author         = "Carlitz, Robert D.",
      title          = "{SU(6) Symmetry Breaking Effects in Deep Inelastic
                        Scattering}",
      journal        = "Phys. Lett.",
      volume         = "58B",
      year           = "1975",
      pages          = "345-347",
      doi            = "10.1016/0370-2693(75)90670-X",
      reportNumber   = "EFI 75/6",
      SLACcitation   = "%%CITATION = PHLTA,58B,345;%%"
}

@article{Miller:2018mfb,
      author         = "Miller, G. A. and Beck, A. and May-Tal Beck, S. and
                        Weinstein, L. B. and Piasetzky, E. and Hen, O.",
      title          = "{Can Long-Range Nuclear Properties Be Influenced By Short
                        Range Interactions? A chiral dynamics estimate}",
      doi            = "10.1016/j.physletb.2019.05.010",
      year           = "2018",
      eprint         = "1805.12099",
      archivePrefix  = "arXiv",
      primaryClass   = "nucl-th",
      reportNumber   = "NT@UW-17-20",
      SLACcitation   = "%%CITATION = ARXIV:1805.12099;%%"
}

@article{Li:2018lpy,
      author         = "Li, Bao-An and Cai, Bao-Jun and Chen, Lie-Wen and Xu,
                        Jun",
      title          = "{Nucleon Effective Masses in Neutron-Rich Matter}",
      journal        = "Prog. Part. Nucl. Phys.",
      volume         = "99",
      year           = "2018",
      pages          = "29-119",
      doi            = "10.1016/j.ppnp.2018.01.001",
      eprint         = "1801.01213",
      archivePrefix  = "arXiv",
      primaryClass   = "nucl-th",
      SLACcitation   = "%%CITATION = ARXIV:1801.01213;%%"
}

@article{Menendez:2008jp,
      author         = "Menendez, J. and Poves, A. and Caurier, E. and Nowacki,
                        F.",
      title          = "{Disassembling the Nuclear Matrix Elements of the
                        Neutrinoless beta beta Decay}",
      journal        = "Nucl. Phys.",
      volume         = "A818",
      year           = "2009",
      pages          = "139-151",
      doi            = "10.1016/j.nuclphysa.2008.12.005",
      eprint         = "0801.3760",
      archivePrefix  = "arXiv",
      primaryClass   = "nucl-th",
      SLACcitation   = "%%CITATION = ARXIV:0801.3760;%%"
}

@article{Kortelainen:2007rh,
      author         = "Kortelainen, Markus and Suhonen, Jouni",
      title          = "{Improved short-range correlations and 0 neutrino beta
                        beta nuclear matrix elements of Ge-76 and Se-82}",
      journal        = "Phys. Rev.",
      volume         = "C75",
      year           = "2007",
      pages          = "051303",
      doi            = "10.1103/PhysRevC.75.051303",
      eprint         = "0705.0469",
      archivePrefix  = "arXiv",
      primaryClass   = "nucl-th",
      SLACcitation   = "%%CITATION = ARXIV:0705.0469;%%"
}

@article{Kortelainen:2007mn,
      author         = "Kortelainen, Markus and Suhonen, Jouni",
      title          = "{Nuclear matrix elements of neutrinoless double beta
                        decay with improved short-range correlations}",
      journal        = "Phys. Rev.",
      volume         = "C76",
      year           = "2007",
      pages          = "024315",
      doi            = "10.1103/PhysRevC.76.024315",
      eprint         = "0708.0115",
      archivePrefix  = "arXiv",
      primaryClass   = "nucl-th",
      SLACcitation   = "%%CITATION = ARXIV:0708.0115;%%"
}

@article{Benhar:2014cka,
      author         = "Benhar, Omar and Biondi, Riccardo and Speranza, Enrico",
      title          = "{Short-range correlation effects on the nuclear matrix
                        element of neutrinoless double-Î² decay}",
      journal        = "Phys. Rev.",
      volume         = "C90",
      year           = "2014",
      number         = "6",
      pages          = "065504",
      doi            = "10.1103/PhysRevC.90.065504",
      eprint         = "1401.2030",
      archivePrefix  = "arXiv",
      primaryClass   = "nucl-th",
      SLACcitation   = "%%CITATION = ARXIV:1401.2030;%%"
}

@article{Simkovic:2009pp,
      author         = "Simkovic, Fedor and Faessler, Amand and Muther, Herbert
                        and Rodin, Vadim and Stauf, Markus",
      title          = "{The 0 nu bb-decay nuclear matrix elements with
                        self-consistent short-range correlations}",
      journal        = "Phys. Rev.",
      volume         = "C79",
      year           = "2009",
      pages          = "055501",
      doi            = "10.1103/PhysRevC.79.055501",
      eprint         = "0902.0331",
      archivePrefix  = "arXiv",
      primaryClass   = "nucl-th",
      SLACcitation   = "%%CITATION = ARXIV:0902.0331;%%"
}

@article{Yang:1998zb,
      author         = "Yang, Un-Ki and Bodek, A.",
      title          = "{Parton distributions, $d / u$, and higher twist effects
                        at high x}",
      booktitle      = "{High-energy physics. Proceedings, 29th International
                        Conference, ICHEP'98, Vancouver, Canada, July 23-29, 1998.
                        Vol. 1, 2}",
      journal        = "Phys. Rev. Lett.",
      volume         = "82",
      year           = "1999",
      pages          = "2467-2470",
      doi            = "10.1103/PhysRevLett.82.2467",
      eprint         = "hep-ph/9809480",
      archivePrefix  = "arXiv",
      primaryClass   = "hep-ph",
      reportNumber   = "UR-1543, DOE-ER-40685-929",
      SLACcitation   = "%%CITATION = HEP-PH/9809480;%%"
}

@article{Akulinichev:1985ij,
      author         = "Akulinichev, S. V. and Kulagin, Sergey A. and Vagradov,
                        G. M.",
      title          = "{The Role of Nuclear Binding in Deep Inelastic Lepton
                        Nucleon Scattering}",
      journal        = "Phys. Lett.",
      volume         = "158B",
      year           = "1985",
      pages          = "485-488",
      doi            = "10.1016/0370-2693(85)90799-3",
      SLACcitation   = "%%CITATION = PHLTA,158B,485;%%"
}

@article{Kulagin:1989mu,
      author         = "Kulagin, Sergey A.",
      title          = "{Deep Inelastic Scattering on Nuclei: Impulse
                        Approximation and Mesonic Corrections}",
      booktitle      = "{\#DONE: NUCL. PHYS. A500 (1989) 653-668}",
      journal        = "Nucl. Phys.",
      volume         = "A500",
      year           = "1989",
      pages          = "653-668",
      doi            = "10.1016/0375-9474(89)90233-9",
      SLACcitation   = "%%CITATION = NUPHA,A500,653;%%"
}

@article{Kulagin:1994fz,
      author         = "Kulagin, Sergey A. and Piller, G. and Weise, W.",
      title          = "{Shadowing, binding and off-shell effects in nuclear deep
                        inelastic scattering}",
      journal        = "Phys. Rev.",
      volume         = "C50",
      year           = "1994",
      pages          = "1154-1169",
      doi            = "10.1103/PhysRevC.50.1154",
      eprint         = "nucl-th/9402015",
      archivePrefix  = "arXiv",
      primaryClass   = "nucl-th",
      reportNumber   = "TPR-94-02, ADP-94-1-T-144",
      SLACcitation   = "%%CITATION = NUCL-TH/9402015;%%"
}

@article{Alekhin:2017fpf,
      author         = "Alekhin, S. I. and Kulagin, S. A. and Petti, R.",
      title          = "{Nuclear Effects in the Deuteron and Constraints on the
                        d/u Ratio}",
      journal        = "Phys. Rev.",
      volume         = "D96",
      year           = "2017",
      number         = "5",
      pages          = "054005",
      doi            = "10.1103/PhysRevD.96.054005",
      eprint         = "1704.00204",
      archivePrefix  = "arXiv",
      primaryClass   = "nucl-th",
      SLACcitation   = "%%CITATION = ARXIV:1704.00204;%%"
}